[
  {
    "id": 93247,
    "dateCreated": "Fri Oct 13 15:26:17 CEST 2017",
    "name": "Swebar Salty Peanut & Caramel Proteinbar",
    "showPrice": "20,50  kr",
    "friendlyUrl": "swebar-salty-peanut-caramel-dalblads-50-g",
    "formattedName": "Swebar Salty Peanut & Caramel Proteinbar",
    "ean": "7350028545339",
    "countryOfOrigin": "EU",
    "translatedCountryName": "EU",
    "labelTags": [],
    "hasImage": true,
    "imageUrl": "https://d1hr6nb56yyl1.cloudfront.net/product-images/93247-150.jpg",
    "brand": {
      "id": 1319,
      "name": "DALBLADS"
    },
    "categories": [
      {
        "id": 4336,
        "name": "Bars"
      },
      {
        "id": 11474,
        "name": "Bars"
      }
    ],
    "displayBrand": "DALBLADS",
    "favouriteCount": 235,
    "active": true,
    "inStockQuantity": 30,
    "orderable": true,
    "price": 20.5,
    "priceWithoutVat": 18.3035714286,
    "recommendedRetailPrice": null,
    "readableComparisonPrice": "410 kr/kg",
    "discount": null,
    "discountedPrice": 0,
    "size": "50G",
    "weightProduct": false,
    "vat": 12,
    "content": "Proteinblandning (MJÖLKPROTEIN/MELKEPROTEIN, kollagenhydrolysat, vassleproteinkoncentrat/myseproteinkonsentrat (från MJÖLK/MELK), ÄGGVITEPROTEIN/EGGEHVITEPROTEIN), MJÖLKCHOKLAD/MELKESJOKOLADE (socker/sukker, HELMJÖLKSPULVER/MELKEPULVER AV HELMELK, kakaosmör, kakaomassa, emulgeringsmedel (SOJALECITIN/SOYALECITIN), vaniljextrakt), JORDNÖTTER/PEANØTTER (12%), karamellpasta (12%) (glukossirap, socker/sukker, KONDENSERAD MJÖLK/MELK, invertsockersirap, kakaosmör, vatten/vann, fuktighetsbevarande medel (sorbitol), emulgeringsmedel (mono- och diglycerider av fettsyror), salt), fruktossirap, fuktighetsbevarande medel (glycerol), vatten/vann, JORDNÖTSSMÖR/PEANØTTSMØR (2,4%), glukossirap, dextros, salt, arom, solrosolja/solsikkeolje, kakaopulver, färgämne/fargestoff (sockerkulör/sukkerkulør). Kan innehålla spår/spor av GLUTEN, MANDEL, HASSELNÖT, VALNÖT, CASHEWNÖT, PEKANNÖT, PARANÖT, PISTAGENÖT, MACADAMIANÖT.",
    "nutrition": "Näringsvärde per 50 Gram\nenergi 900 Kilojoule\nenergi 210 Kilokalori\nfett 8.3 Gram\nvarav mättat fett 3.4 Gram\nkolhydrat 17 Gram\nvarav sockerarter 13 Gram\nprotein 17 Gram\nsalt 0.3 Gram",
    "durability": null,
    "recycling": null,
    "detail": "Swebar Original Salty Peanut & Caramel har ett lager av jordnötsbitar och är för dig som älskar kombinationen av jordnötter och kola. Med sitt höga proteininnehåll passar den perfekt som återhämtning och belöning efter ett hårt träningspass. Proteinet absorberas snabbt av kroppen och når musklerna omedelbart, vilket är extra bra för dess reparation och uppbyggnad. Med en Swebar efter ett träningspass är du snabbt återhämtad och redo för nästa.",
    "storage": "Förvaras vid högst 25 °C",
    "combinedNameWithBrand": "Swebar Salty Peanut & Caramel Proteinbar Dalblads",
    "averageProductLife": 0,
    "minimumDaysBeforeExpire": 31,
    "averageUnitWeight": 51,
    "weight": 51,
    "isMixable": false,
    "idRequired": 0,
    "tagNames": [],
    "featured": false,
    "campaignRank": 245,
    "availableQuantities": [
      {
        "quantity": 30,
        "quantityKey": "dw-14408"
      },
      {
        "quantity": 30,
        "quantityKey": "dw-14416"
      },
      {
        "quantity": 30,
        "quantityKey": "dw-14426"
      },
      {
        "quantity": 30,
        "quantityKey": "dw-14458"
      },
      {
        "quantity": 30,
        "quantityKey": "dw-14414"
      },
      {
        "quantity": 30,
        "quantityKey": "dw-14400"
      },
      {
        "quantity": 30,
        "quantityKey": "dw-14442"
      },
      {
        "quantity": 15,
        "quantityKey": "dw-14390"
      },
      {
        "quantity": 30,
        "quantityKey": "dw-14392"
      },
      {
        "quantity": 30,
        "quantityKey": "dw-14468"
      },
      {
        "quantity": 30,
        "quantityKey": "dw-14474"
      },
      {
        "quantity": 30,
        "quantityKey": "default"
      },
      {
        "quantity": 30,
        "quantityKey": "dw-14450"
      },
      {
        "quantity": 30,
        "quantityKey": "dw-14466"
      },
      {
        "quantity": 30,
        "quantityKey": "dw-14398"
      },
      {
        "quantity": 30,
        "quantityKey": "dw-14406"
      },
      {
        "quantity": 30,
        "quantityKey": "dw-14436"
      },
      {
        "quantity": 30,
        "quantityKey": "dw-14460"
      },
      {
        "quantity": 30,
        "quantityKey": "dw-14444"
      },
      {
        "quantity": 30,
        "quantityKey": "dw-14422"
      },
      {
        "quantity": 30,
        "quantityKey": "dw-14452"
      },
      {
        "quantity": 30,
        "quantityKey": "dw-14428"
      },
      {
        "quantity": 30,
        "quantityKey": "dw-14434"
      }
    ],
    "emission": 0,
    "allergies": [
      {
        "id": 7,
        "infoSource": null,
        "level": {
          "enumType": "se.mat.mycroft.enums.AllergyLevel",
          "name": "CONTAINS"
        },
        "substanceName": "Mjölk"
      },
      {
        "id": 6,
        "infoSource": null,
        "level": {
          "enumType": "se.mat.mycroft.enums.AllergyLevel",
          "name": "CONTAINS"
        },
        "substanceName": "Sojabönor"
      },
      {
        "id": 3,
        "infoSource": null,
        "level": {
          "enumType": "se.mat.mycroft.enums.AllergyLevel",
          "name": "CONTAINS"
        },
        "substanceName": "Ägg"
      },
      {
        "id": 1,
        "infoSource": null,
        "level": {
          "enumType": "se.mat.mycroft.enums.AllergyLevel",
          "name": "TRACES"
        },
        "substanceName": "Gluten"
      },
      {
        "id": 10,
        "infoSource": null,
        "level": {
          "enumType": "se.mat.mycroft.enums.AllergyLevel",
          "name": "TRACES"
        },
        "substanceName": "Nötter"
      },
      {
        "id": 5,
        "infoSource": null,
        "level": {
          "enumType": "se.mat.mycroft.enums.AllergyLevel",
          "name": "CONTAINS"
        },
        "substanceName": "Jordnötter"
      }
    ],
    "warehouseProductMappingId": null,
    "productRelationship": {
      "canBeReplacedWithProductIds": [],
      "canBeSubstitutedWithProductIds": [
        90713,
        71261,
        93678
      ],
      "sameContentProductIds": []
    },
    "soldCount": 1213,
    "variety": "",
    "isAgreeWithPersonalTerms": null,
    "hasDeclinedPersonalAgreement": null,
    "probability": null,
    "productCountries": [],
    "productVarieties": [],
    "productBanner": null,
    "isShowOnTopProduct": false,
    "primaryCategoryNamePath": "Mat.se Göteborg/Apoteksvaror/Vitaminer, Hälso- & Kosttillskott/Bars"
  },
  {
    "id": 71261,
    "dateCreated": "Sun Feb 21 13:23:43 CET 2016",
    "name": "Proteinbar Big Bite Peanut/toffee",
    "showPrice": "14,95  kr",
    "friendlyUrl": "proteinbarbigbite-peanut-toffee-proteinpro-45-g",
    "formattedName": "Proteinbar Big Bite Peanut/toffee",
    "ean": "7350021420824",
    "countryOfOrigin": "DE",
    "translatedCountryName": "Tyskland",
    "labelTags": [],
    "hasImage": true,
    "imageUrl": "https://d1hr6nb56yyl1.cloudfront.net/product-images/71261-150.jpg",
    "brand": {
      "id": 5389,
      "name": "PROBRANDS"
    },
    "categories": [
      {
        "id": 11474,
        "name": "Bars"
      },
      {
        "id": 4336,
        "name": "Bars"
      }
    ],
    "displayBrand": "PROBRANDS",
    "favouriteCount": 80,
    "active": true,
    "inStockQuantity": 6,
    "orderable": true,
    "price": 14.95,
    "priceWithoutVat": 13.3482142857,
    "recommendedRetailPrice": null,
    "readableComparisonPrice": "332,22 kr/kg",
    "discount": null,
    "discountedPrice": 0,
    "size": "45G",
    "weightProduct": false,
    "vat": 12,
    "content": "MJÖLKchoklad/MÆLKEchokolade med sötningsmedel/sødemiddel 32% (sötningsmedel/sødemiddel (maltitol, kakaosmör, HELMJÖLKSPULVER/SØDMÆLKSPULVER, kakaomassa, emulgeringsmedel lecitin (SOJA), vaniljextrakt), fuktighetsbevarande medel/middel (glycerol), kollagenhydrolysat, MJÖLKprotein/MÆLKE-protein, SOJAkrispies (SOJAPROTEIN, tapiokastärkelse, salt), VASSLEprotein/MYSEprotein/VALLEprotein, sötningsmedel/sødemiddel (maltitol, steviolglykosider), hackade rostade/ristade JORDNÖTTER/PEANØTTER (4,0%), kokosfett, SOJASprotein, kakaosmör, arom, HELMJÖLKSPULVER/SØDMÆLKSPULVER, fettreducerat kakaopulver, salt, ren karamellfärg, emulgeringsmedel (solroslecitin/solsikkelecitin), vaniljextrakt.",
    "nutrition": "Näringsvärde per 100 Gram\nenergi 1743 Kilojoule\nenergi 418 Kilokalori\nfett 21 Gram\nvarav mättat fett 13 Gram\nkolhydrat 34 Gram\nvarav sockerarter 3.8 Gram\nsockeralkoholer 29 Gram\nprotein 34 Gram\nsalt 0.63 Gram",
    "durability": null,
    "recycling": null,
    "detail": "Vår lyxigaste proteinbar, med en krämig och god smak. Utan tillsatt socker.",
    "storage": "Förvaras vid högst 18 °C",
    "combinedNameWithBrand": "Proteinbar Big Bite Peanut/toffee Probrands",
    "averageProductLife": 0,
    "minimumDaysBeforeExpire": 31,
    "averageUnitWeight": 46,
    "weight": 46,
    "isMixable": false,
    "idRequired": 0,
    "tagNames": [
      "PROTEINPRO ProteinBar BigBite Peanut/Toffee 45 g",
      "Träning&Måbra"
    ],
    "featured": false,
    "campaignRank": 120,
    "availableQuantities": [
      {
        "quantity": 6,
        "quantityKey": "dw-14400"
      },
      {
        "quantity": 6,
        "quantityKey": "dw-14434"
      },
      {
        "quantity": 6,
        "quantityKey": "dw-14458"
      },
      {
        "quantity": 6,
        "quantityKey": "dw-14390"
      },
      {
        "quantity": 6,
        "quantityKey": "dw-14460"
      },
      {
        "quantity": 6,
        "quantityKey": "dw-14436"
      },
      {
        "quantity": 6,
        "quantityKey": "dw-14414"
      },
      {
        "quantity": 6,
        "quantityKey": "dw-14444"
      },
      {
        "quantity": 6,
        "quantityKey": "dw-14422"
      },
      {
        "quantity": 6,
        "quantityKey": "dw-14442"
      },
      {
        "quantity": 6,
        "quantityKey": "dw-14474"
      },
      {
        "quantity": 6,
        "quantityKey": "default"
      },
      {
        "quantity": 6,
        "quantityKey": "dw-14466"
      },
      {
        "quantity": 6,
        "quantityKey": "dw-14452"
      },
      {
        "quantity": 6,
        "quantityKey": "dw-14392"
      },
      {
        "quantity": 6,
        "quantityKey": "dw-14428"
      },
      {
        "quantity": 6,
        "quantityKey": "dw-14450"
      },
      {
        "quantity": 6,
        "quantityKey": "dw-14408"
      },
      {
        "quantity": 6,
        "quantityKey": "dw-14416"
      },
      {
        "quantity": 6,
        "quantityKey": "dw-14468"
      },
      {
        "quantity": 6,
        "quantityKey": "dw-14398"
      },
      {
        "quantity": 6,
        "quantityKey": "dw-14426"
      },
      {
        "quantity": 6,
        "quantityKey": "dw-14406"
      }
    ],
    "emission": 0,
    "allergies": [
      {
        "id": 3,
        "infoSource": null,
        "level": {
          "enumType": "se.mat.mycroft.enums.AllergyLevel",
          "name": "TRACES"
        },
        "substanceName": "Ägg"
      },
      {
        "id": 10,
        "infoSource": null,
        "level": {
          "enumType": "se.mat.mycroft.enums.AllergyLevel",
          "name": "TRACES"
        },
        "substanceName": "Nötter"
      },
      {
        "id": 6,
        "infoSource": null,
        "level": {
          "enumType": "se.mat.mycroft.enums.AllergyLevel",
          "name": "CONTAINS"
        },
        "substanceName": "Sojabönor"
      },
      {
        "id": 7,
        "infoSource": null,
        "level": {
          "enumType": "se.mat.mycroft.enums.AllergyLevel",
          "name": "CONTAINS"
        },
        "substanceName": "Mjölk"
      },
      {
        "id": 5,
        "infoSource": null,
        "level": {
          "enumType": "se.mat.mycroft.enums.AllergyLevel",
          "name": "CONTAINS"
        },
        "substanceName": "Jordnötter"
      },
      {
        "id": 1,
        "infoSource": null,
        "level": {
          "enumType": "se.mat.mycroft.enums.AllergyLevel",
          "name": "TRACES"
        },
        "substanceName": "Gluten"
      }
    ],
    "warehouseProductMappingId": null,
    "productRelationship": {
      "canBeReplacedWithProductIds": [],
      "canBeSubstitutedWithProductIds": [
        90713,
        93247,
        93678
      ],
      "sameContentProductIds": []
    },
    "soldCount": 413,
    "variety": "",
    "isAgreeWithPersonalTerms": null,
    "hasDeclinedPersonalAgreement": null,
    "probability": null,
    "productCountries": [],
    "productVarieties": [],
    "productBanner": null,
    "isShowOnTopProduct": false,
    "primaryCategoryNamePath": "Mat.se Göteborg/Hälsa & Träning/Bars"
  },
  {
    "id": 93364,
    "dateCreated": "Mon Oct 16 09:18:14 CEST 2017",
    "name": "Proteinbar Chocolate",
    "showPrice": "10,95  kr",
    "friendlyUrl": "protein-chocolate-powerking-40g",
    "formattedName": "Proteinbar Chocolate",
    "ean": "7611612211697",
    "countryOfOrigin": "NL",
    "translatedCountryName": "Nederländerna",
    "labelTags": [],
    "hasImage": true,
    "imageUrl": "https://d1hr6nb56yyl1.cloudfront.net/product-images/93364-150.jpg",
    "brand": {
      "id": 3541,
      "name": "POWERKING"
    },
    "categories": [
      {
        "id": 4336,
        "name": "Bars"
      },
      {
        "id": 11474,
        "name": "Bars"
      }
    ],
    "displayBrand": "POWERKING",
    "favouriteCount": 81,
    "active": true,
    "inStockQuantity": 35,
    "orderable": true,
    "price": 10.94999980926514,
    "priceWithoutVat": 9.77678554398673,
    "recommendedRetailPrice": null,
    "readableComparisonPrice": "273,75 kr/kg",
    "discount": null,
    "discountedPrice": 0,
    "size": "40G",
    "weightProduct": false,
    "vat": 12,
    "content": "MJÖLKPROTEIN/MAELKEPROTEIN 22 %, glukossirap/glucosesirup, mjölkchoklad/maelkechokolade 17 % (socker/sukker, kakaosmör, HELMJÖLKSPULVER/SODMAELKSPULVER, kakaomassa, emulgeringsmedel/ emulgator (SOJALECITIN), aromer), fruktossirap, hydrolyserat kollagen, palmfett/palmefedt, fettreducerad kakao, stabiliseringsmedel/stabilisator (glycerol), aromer, salt, emulgeringsmedel/emulgator (SOJALECITIN), syra/syre (citronsyra), vitamin C, niacin, vitamin E, pantotensyra, riboflavin, vitamin B6, tiamin, biotin, vitamin B12. KAN INNEHÅLLA SPÅR AV GLUTEN, ÄGG, JORDNÖT, MANDEL, HASSELNÖT, VALNÖT, MACADAMIANÖT (QUEENSLAND), CASHEWNÖT, PARANÖT, PEKANNÖT, PISTASCHNÖT, SESAMFRÖ.",
    "nutrition": "Näringsvärde per 100 Gram\nenergi 1650 Kilojoule\nenergi 390 Kilokalori\nfett 10 Gram\nvarav mättat fett 5.8 Gram\nkolhydrat 43 Gram\nvarav sockerarter 29 Gram\nfiber 0.6 Gram\nprotein 32 Gram\nsalt 0.8 Gram\nvitamin E 6.5 Milligram\nvitamin C 41.8 Milligram\ntiamin 0.6 Milligram\nriboflavin 0.7 Milligram\nniacin 8.3 Milligram\nvitamin B6 0.7 Milligram\nvitamin B12 1.4 Mikrogram\nbiotin 26 Mikrogram\npantotensyra 3.1 Milligram",
    "durability": null,
    "recycling": null,
    "detail": null,
    "storage": "Förvaras vid högst 22 °C",
    "combinedNameWithBrand": "Proteinbar Chocolate Powerking",
    "averageProductLife": 0,
    "minimumDaysBeforeExpire": 31,
    "averageUnitWeight": 41,
    "weight": 41,
    "isMixable": false,
    "idRequired": 0,
    "tagNames": [],
    "featured": false,
    "campaignRank": 249,
    "availableQuantities": [
      {
        "quantity": 35,
        "quantityKey": "dw-14480"
      },
      {
        "quantity": 35,
        "quantityKey": "dw-14460"
      },
      {
        "quantity": 35,
        "quantityKey": "dw-14434"
      },
      {
        "quantity": 35,
        "quantityKey": "dw-14450"
      },
      {
        "quantity": 35,
        "quantityKey": "dw-14468"
      },
      {
        "quantity": 35,
        "quantityKey": "dw-14428"
      },
      {
        "quantity": 35,
        "quantityKey": "dw-14474"
      },
      {
        "quantity": 19,
        "quantityKey": "dw-14390"
      },
      {
        "quantity": 35,
        "quantityKey": "dw-14416"
      },
      {
        "quantity": 35,
        "quantityKey": "default"
      },
      {
        "quantity": 35,
        "quantityKey": "dw-14436"
      },
      {
        "quantity": 35,
        "quantityKey": "dw-14452"
      },
      {
        "quantity": 19,
        "quantityKey": "dw-14392"
      },
      {
        "quantity": 35,
        "quantityKey": "dw-14414"
      },
      {
        "quantity": 35,
        "quantityKey": "dw-14408"
      },
      {
        "quantity": 35,
        "quantityKey": "dw-14422"
      },
      {
        "quantity": 35,
        "quantityKey": "dw-14458"
      },
      {
        "quantity": 35,
        "quantityKey": "dw-14466"
      },
      {
        "quantity": 19,
        "quantityKey": "dw-14398"
      },
      {
        "quantity": 35,
        "quantityKey": "dw-14442"
      },
      {
        "quantity": 35,
        "quantityKey": "dw-14478"
      },
      {
        "quantity": 35,
        "quantityKey": "dw-14406"
      },
      {
        "quantity": 35,
        "quantityKey": "dw-14400"
      },
      {
        "quantity": 35,
        "quantityKey": "dw-14444"
      },
      {
        "quantity": 35,
        "quantityKey": "dw-14426"
      }
    ],
    "emission": 0,
    "allergies": [
      {
        "id": 13,
        "infoSource": null,
        "level": {
          "enumType": "se.mat.mycroft.enums.AllergyLevel",
          "name": "TRACES"
        },
        "substanceName": "Sesamfrön"
      },
      {
        "id": 5,
        "infoSource": null,
        "level": {
          "enumType": "se.mat.mycroft.enums.AllergyLevel",
          "name": "TRACES"
        },
        "substanceName": "Jordnötter"
      },
      {
        "id": 6,
        "infoSource": null,
        "level": {
          "enumType": "se.mat.mycroft.enums.AllergyLevel",
          "name": "CONTAINS"
        },
        "substanceName": "Sojabönor"
      },
      {
        "id": 7,
        "infoSource": null,
        "level": {
          "enumType": "se.mat.mycroft.enums.AllergyLevel",
          "name": "CONTAINS"
        },
        "substanceName": "Mjölk"
      },
      {
        "id": 10,
        "infoSource": null,
        "level": {
          "enumType": "se.mat.mycroft.enums.AllergyLevel",
          "name": "TRACES"
        },
        "substanceName": "Nötter"
      }
    ],
    "warehouseProductMappingId": null,
    "productRelationship": {
      "canBeReplacedWithProductIds": [],
      "canBeSubstitutedWithProductIds": [
        95427,
        85906,
        82146,
        37268,
        31076,
        60727,
        64477
      ],
      "sameContentProductIds": []
    },
    "soldCount": 366,
    "variety": "",
    "isAgreeWithPersonalTerms": null,
    "hasDeclinedPersonalAgreement": null,
    "probability": null,
    "productCountries": [],
    "productVarieties": [],
    "productBanner": null,
    "isShowOnTopProduct": false,
    "primaryCategoryNamePath": "Mat.se Göteborg/Apoteksvaror/Vitaminer, Hälso- & Kosttillskott/Bars"
  },
  {
    "id": 93849,
    "dateCreated": "Mon Oct 16 09:18:52 CEST 2017",
    "name": "Proteinbar Cookies&cream",
    "showPrice": "10,95  kr",
    "friendlyUrl": "proteinbar-cookiescream-powerking-40g",
    "formattedName": "Proteinbar Cookies&cream",
    "ean": "7611612211727",
    "countryOfOrigin": "NL",
    "translatedCountryName": "Nederländerna",
    "labelTags": [],
    "hasImage": true,
    "imageUrl": "https://d1hr6nb56yyl1.cloudfront.net/product-images/93849-150.jpg",
    "brand": {
      "id": 3541,
      "name": "POWERKING"
    },
    "categories": [
      {
        "id": 11474,
        "name": "Bars"
      },
      {
        "id": 4336,
        "name": "Bars"
      }
    ],
    "displayBrand": "POWERKING",
    "favouriteCount": 82,
    "active": true,
    "inStockQuantity": 19,
    "orderable": true,
    "price": 10.95,
    "priceWithoutVat": 9.7767857143,
    "recommendedRetailPrice": null,
    "readableComparisonPrice": "273,75 kr/kg",
    "discount": null,
    "discountedPrice": 0,
    "size": "40G",
    "weightProduct": false,
    "vat": 12,
    "content": "MJÖLKPROTEIN/MAELKEPROTEIN 22%, glukos-fruktossirap/glucose-fructose sirup, MJÖLKCHOKLAD/MAELKE CHOKOLADE 17,5% (socker/sukker, kakaosmör/kakaosmør, HELMJÖLKSPULVER/SØDMAELKSPULVER, kakaomassa, emulgeringsmedel/emulgator (SOJALECITIN), aromer), hydrolyserat gelatin, palmfett/palmfedt, sojacrisp (SOJAPROTEIN, fettreducerat kakaopulver, tapiokastärkelse), stabiliseringsmedel (glycerol), salt, aromer (MJÖLK), emulgeringsmedel/emulgator (SOJALECITIN) gelatin, syra (citronsyra), vitamin C, niacin, vitamin E, pantotensyra, riboflavin, vitamin B6, tiamin, biotin, vitamin B12. KAN INNEHÅLLA SPÅR AV GLUTEN, ÄGG, JORDNÖT, MANDEL, HASSELNÖT, VALNÖT, CASHEWNÖT, PARANÖT, PEKANNÖT, PISTASCHNÖT, QUEENSLAND NÖT, SESAMFRÖN.",
    "nutrition": "Näringsvärde per 100 Gram\nenergi 1650 Kilojoule\nenergi 390 Kilokalori\nfett 9.8 Gram\nvarav mättat fett 5.4 Gram\nkolhydrat 42 Gram\nvarav sockerarter 29 Gram\nfiber 0.4 Gram\nprotein 32 Gram\nsalt 0.6 Gram\nvitamin E 6.5 Milligram\nvitamin C 42 Milligram\ntiamin 0.6 Milligram\nriboflavin 0.7 Milligram\nniacin 8.3 Milligram\nvitamin B6 0.7 Milligram\nvitamin B12 1.4 Mikrogram\nbiotin 26 Mikrogram\npantotensyra 3.1 Milligram",
    "durability": null,
    "recycling": null,
    "detail": "Förvaras i rumstemperatur. Undvik solljus.",
    "storage": "Förvaras i rumstemperatur. Undvik solljus.",
    "combinedNameWithBrand": "Proteinbar Cookies&cream Powerking",
    "averageProductLife": 0,
    "minimumDaysBeforeExpire": 31,
    "averageUnitWeight": 41,
    "weight": 41,
    "isMixable": false,
    "idRequired": 0,
    "tagNames": [],
    "featured": false,
    "campaignRank": 153,
    "availableQuantities": [
      {
        "quantity": 19,
        "quantityKey": "dw-14422"
      },
      {
        "quantity": 19,
        "quantityKey": "dw-14474"
      },
      {
        "quantity": 19,
        "quantityKey": "dw-14466"
      },
      {
        "quantity": 19,
        "quantityKey": "dw-14452"
      },
      {
        "quantity": 19,
        "quantityKey": "dw-14426"
      },
      {
        "quantity": 19,
        "quantityKey": "dw-14468"
      },
      {
        "quantity": 19,
        "quantityKey": "dw-14398"
      },
      {
        "quantity": 19,
        "quantityKey": "dw-14442"
      },
      {
        "quantity": 19,
        "quantityKey": "dw-14390"
      },
      {
        "quantity": 19,
        "quantityKey": "dw-14480"
      },
      {
        "quantity": 19,
        "quantityKey": "dw-14434"
      },
      {
        "quantity": 19,
        "quantityKey": "dw-14436"
      },
      {
        "quantity": 19,
        "quantityKey": "dw-14458"
      },
      {
        "quantity": 19,
        "quantityKey": "dw-14428"
      },
      {
        "quantity": 19,
        "quantityKey": "dw-14444"
      },
      {
        "quantity": 19,
        "quantityKey": "default"
      },
      {
        "quantity": 19,
        "quantityKey": "dw-14450"
      },
      {
        "quantity": 19,
        "quantityKey": "dw-14414"
      },
      {
        "quantity": 19,
        "quantityKey": "dw-14416"
      },
      {
        "quantity": 19,
        "quantityKey": "dw-14460"
      },
      {
        "quantity": 19,
        "quantityKey": "dw-14478"
      },
      {
        "quantity": 19,
        "quantityKey": "dw-14406"
      },
      {
        "quantity": 19,
        "quantityKey": "dw-14408"
      },
      {
        "quantity": 19,
        "quantityKey": "dw-14400"
      },
      {
        "quantity": 19,
        "quantityKey": "dw-14392"
      }
    ],
    "emission": 0,
    "allergies": [
      {
        "id": 5,
        "infoSource": null,
        "level": {
          "enumType": "se.mat.mycroft.enums.AllergyLevel",
          "name": "TRACES"
        },
        "substanceName": "Jordnötter"
      },
      {
        "id": 1,
        "infoSource": null,
        "level": {
          "enumType": "se.mat.mycroft.enums.AllergyLevel",
          "name": "TRACES"
        },
        "substanceName": "Gluten"
      },
      {
        "id": 13,
        "infoSource": null,
        "level": {
          "enumType": "se.mat.mycroft.enums.AllergyLevel",
          "name": "TRACES"
        },
        "substanceName": "Sesamfrön"
      },
      {
        "id": 7,
        "infoSource": null,
        "level": {
          "enumType": "se.mat.mycroft.enums.AllergyLevel",
          "name": "CONTAINS"
        },
        "substanceName": "Mjölk"
      },
      {
        "id": 6,
        "infoSource": null,
        "level": {
          "enumType": "se.mat.mycroft.enums.AllergyLevel",
          "name": "CONTAINS"
        },
        "substanceName": "Sojabönor"
      },
      {
        "id": 10,
        "infoSource": null,
        "level": {
          "enumType": "se.mat.mycroft.enums.AllergyLevel",
          "name": "TRACES"
        },
        "substanceName": "Nötter"
      }
    ],
    "warehouseProductMappingId": null,
    "productRelationship": {
      "canBeReplacedWithProductIds": [],
      "canBeSubstitutedWithProductIds": [
        90633,
        94959,
        29294
      ],
      "sameContentProductIds": []
    },
    "soldCount": 414,
    "variety": "",
    "isAgreeWithPersonalTerms": null,
    "hasDeclinedPersonalAgreement": null,
    "probability": null,
    "productCountries": [],
    "productVarieties": [],
    "productBanner": null,
    "isShowOnTopProduct": false,
    "primaryCategoryNamePath": "Mat.se Göteborg/Hälsa & Träning/Bars"
  },
  {
    "id": 121758,
    "dateCreated": "Fri Jan 15 09:42:15 CET 2021",
    "name": "Swebar Hallon/Lakrits Proteinbar",
    "showPrice": "20,50  kr",
    "friendlyUrl": "swebar-hallon-lakrits-proteinbar-dalblads-55g",
    "formattedName": "Swebar Hallon/lakrits Proteinbar",
    "ean": "7350006712920",
    "countryOfOrigin": "EU",
    "translatedCountryName": "EU",
    "labelTags": [],
    "hasImage": true,
    "imageUrl": "https://d1hr6nb56yyl1.cloudfront.net/product-images/121758-150.jpg",
    "brand": {
      "id": 1319,
      "name": "DALBLADS"
    },
    "categories": [
      {
        "id": 4336,
        "name": "Bars"
      },
      {
        "id": 11474,
        "name": "Bars"
      }
    ],
    "displayBrand": "DALBLADS",
    "favouriteCount": 63,
    "active": true,
    "inStockQuantity": 9,
    "orderable": true,
    "price": 20.5,
    "priceWithoutVat": 18.3035714286,
    "recommendedRetailPrice": null,
    "readableComparisonPrice": "20,50 kr/st",
    "discount": null,
    "discountedPrice": 0,
    "size": "55G",
    "weightProduct": false,
    "vat": 12,
    "content": "Vassleproteinisolat/myseproteinisolat (från MJÖLK/MELK), glukossirap, fruktossirap, överdrag/overtrekk (socker/sukker, vegetabilisk olja och fett (palm/palme, shea), fettreducerad/fettredusert kakao, emulgeringsmedel (SOJALECITIN/SOYALECITIN, sorbitantristearat), arom), mörk choklad/mørk sjokolade (kakaomassa, socker/sukker, kakaosmör, emulgeringsmedel (SOJALECITIN/SOYALECITIN), arom), vit choklad/ hvit sjokolade (socker/sukker, kakaosmör, HELMJÖLKSPULVER/MELKEPULVER AV HELMELK, emulgeringsmedel (SOJALECITIN/SOYALECITIN), arom), MJÖLKPROTEIN/MELKEPROTEIN, ÄGGVITEPROTEIN/EGGEHVITEPROTEIN, solrosolja/solsikkeolje, hallon/bringebær (socker/sukker, hallon/bringebær (0,9%), surhetsreglerande medel (citronsyra/sitronsyre)), arom (hallon/bringebær, lakrits), salmiak, färgämne/fargestoff (vegetabiliskt kol/vegetabilsk karbon, rödbetsrött/rødbetfarge), surhetsreglerande medel citronsyra/sitronsyre), emulgeringsmedel SOJALECITIN/SOYALECITIN). Kan innehålla spår/spor av ojaprotein/soyaprotein.",
    "nutrition": "Näringsvärde per 55 Gram\nenergi 900 Kilojoule\nenergi 220 Kilokalori\nfett 7.2 Gram\nvarav mättat fett 4.2 Gram\nkolhydrat 23 Gram\nvarav sockerarter 20 Gram\nprotein 16 Gram\nsalt 0.2 Gram",
    "durability": null,
    "recycling": null,
    "detail": "Swebar Original Hallon Lakrits smakar precis som motsvarigheten i godishyllan, fast med högt proteininnehåll. Kombinationen av saltig lakritssmak och syrlig hallon men överdrag av choklad kommer du garanterat njuta till fullo efter ditt träningspass. Proteinet och de snabba kolhydraterna absorberas snabbt av kroppen och når musklerna omedelbart, vilket är extra bra för dess reparation och uppbyggnad. Med en Swebar efter ett träningspass är du snabbt återhämtad och redo för nästa. Swebar Original Hallon Lakrits har ej tillsatta nötter.",
    "storage": "Förvaras vid högst 25 °C",
    "combinedNameWithBrand": "Swebar Hallon/lakrits Proteinbar Dalblads",
    "averageProductLife": 0,
    "minimumDaysBeforeExpire": 31,
    "averageUnitWeight": 56,
    "weight": 56,
    "isMixable": false,
    "idRequired": 0,
    "tagNames": [
      "energibars",
      "muskler",
      "mellanmål",
      "kosttillskott",
      "protein uppbyggnad",
      "större muskler",
      "proteinbar",
      "uppåtframåt",
      "näring",
      "träning",
      "uppbyggnad",
      "efter träning",
      "hälsa",
      "öka muskelmassa",
      "Protein",
      "energi",
      "god smak",
      "snacks",
      "före träning",
      "träningspass",
      "maximera träning",
      "återhämtning"
    ],
    "featured": false,
    "campaignRank": 213,
    "availableQuantities": [
      {
        "quantity": 9,
        "quantityKey": "dw-14466"
      },
      {
        "quantity": 9,
        "quantityKey": "dw-14450"
      },
      {
        "quantity": 9,
        "quantityKey": "default"
      },
      {
        "quantity": 9,
        "quantityKey": "dw-14442"
      },
      {
        "quantity": 9,
        "quantityKey": "dw-14468"
      },
      {
        "quantity": 9,
        "quantityKey": "dw-14444"
      },
      {
        "quantity": 9,
        "quantityKey": "dw-14452"
      },
      {
        "quantity": 9,
        "quantityKey": "dw-14406"
      },
      {
        "quantity": 9,
        "quantityKey": "dw-14392"
      },
      {
        "quantity": 9,
        "quantityKey": "dw-14414"
      },
      {
        "quantity": 9,
        "quantityKey": "dw-14428"
      },
      {
        "quantity": 9,
        "quantityKey": "dw-14434"
      },
      {
        "quantity": 9,
        "quantityKey": "dw-14390"
      },
      {
        "quantity": 9,
        "quantityKey": "dw-14400"
      },
      {
        "quantity": 9,
        "quantityKey": "dw-14426"
      },
      {
        "quantity": 9,
        "quantityKey": "dw-14458"
      },
      {
        "quantity": 9,
        "quantityKey": "dw-14460"
      },
      {
        "quantity": 9,
        "quantityKey": "dw-14474"
      },
      {
        "quantity": 9,
        "quantityKey": "dw-14398"
      },
      {
        "quantity": 9,
        "quantityKey": "dw-14408"
      },
      {
        "quantity": 9,
        "quantityKey": "dw-14436"
      },
      {
        "quantity": 9,
        "quantityKey": "dw-14416"
      },
      {
        "quantity": 9,
        "quantityKey": "dw-14422"
      }
    ],
    "emission": 0,
    "allergies": [
      {
        "id": 3,
        "infoSource": null,
        "level": {
          "enumType": "se.mat.mycroft.enums.AllergyLevel",
          "name": "CONTAINS"
        },
        "substanceName": "Ägg"
      },
      {
        "id": 7,
        "infoSource": null,
        "level": {
          "enumType": "se.mat.mycroft.enums.AllergyLevel",
          "name": "CONTAINS"
        },
        "substanceName": "Mjölk"
      },
      {
        "id": 6,
        "infoSource": null,
        "level": {
          "enumType": "se.mat.mycroft.enums.AllergyLevel",
          "name": "CONTAINS"
        },
        "substanceName": "Sojabönor"
      }
    ],
    "warehouseProductMappingId": null,
    "productRelationship": {
      "canBeReplacedWithProductIds": [],
      "canBeSubstitutedWithProductIds": [],
      "sameContentProductIds": []
    },
    "soldCount": 238,
    "variety": "",
    "isAgreeWithPersonalTerms": null,
    "hasDeclinedPersonalAgreement": null,
    "probability": null,
    "productCountries": [],
    "productVarieties": [],
    "productBanner": null,
    "isShowOnTopProduct": false,
    "primaryCategoryNamePath": "Mat.se Göteborg/Apoteksvaror/Vitaminer, Hälso- & Kosttillskott/Bars"
  },
  {
    "id": 121872,
    "dateCreated": "Wed Feb 10 11:01:59 CET 2021",
    "name": "Chocolate Protein Wafer",
    "showPrice": "16,50  kr",
    "friendlyUrl": "protein-wafer-chocolate-nicks-40g",
    "formattedName": "Chocolate Protein Wafer",
    "ean": "7350104401221",
    "countryOfOrigin": "BG",
    "translatedCountryName": "Bulgarien",
    "labelTags": [
      {
        "id": 14,
        "name": "Särnär fri från gluten",
        "tag": "fri_gluten"
      }
    ],
    "hasImage": true,
    "imageUrl": "https://d1hr6nb56yyl1.cloudfront.net/product-images/121872-150.jpg",
    "brand": {
      "id": 12132,
      "name": "Nick´s"
    },
    "categories": [
      {
        "id": 4336,
        "name": "Bars"
      },
      {
        "id": 11474,
        "name": "Bars"
      }
    ],
    "displayBrand": "Nick´s",
    "favouriteCount": 40,
    "active": true,
    "inStockQuantity": 0,
    "orderable": false,
    "price": 16.5,
    "priceWithoutVat": 14.7321428571,
    "recommendedRetailPrice": null,
    "readableComparisonPrice": "412,50 kr/kg",
    "discount": null,
    "discountedPrice": 0,
    "size": "40G",
    "weightProduct": false,
    "vat": 12,
    "content": "MJÖLK/MÆLKEPROTEIN, vegetabilisk olja (shea, kokos), kakaosmör, sötningsmedel: erytritol, mjöl/mel mix (majs, potatis), MJÖLK/MÆLKEPULVER, polydextros (fiber), kakaomassa, cikoriarotfiber, kakao, vegetabilisk olja (solros/solsikke), emulgeringsmedel (solros/solsikkelecitin, SOJA/SOYAlecitin), salt, bakpulver: natriumbikarbonat, sötningsmedel: steviolglykosider, Vitamin E, C, B1, B2, B3, B5, B6, B7, B9, B12, naturlig arom. Kan innehålla spår av NÖTTER och JORDNÖTTER/PEANØTTER.",
    "nutrition": "Näringsvärde per 100 Gram\nenergi 2031 Kilojoule\nenergi 485 Kilokalori\nfett 34.1 Gram\nvarav mättat fett 20.1 Gram\nkolhydrat 23.1 Gram\nvarav sockerarter 6 Gram\nsockeralkoholer 9.3 Gram\nfiber 8.1 Gram\nprotein 30 Gram\nsalt 0.05 Gram\nvitamin E 4.5 Milligram\nvitamin C 30 Milligram\ntiamin 0.41 Milligram\nriboflavin 0.53 Milligram\nniacin 6 Milligram\nvitamin B6 0.53 Milligram\nfolsyra 75 Mikrogram\nvitamin B12 0.94 Mikrogram\nbiotin 19 Mikrogram\npantotensyra 2.3 Milligram",
    "durability": null,
    "recycling": null,
    "detail": "Krispigt chokladproteinkex laddad med vitaminer och prebiotiska fiber. Passande för lågkolhydratskost, keto, diabetes, glutenintolerans men främst för alla som vill njuta och må bra på samma gång. 30% protein, no added sugar, no gluten, just joy.\n\nFörvaras torrt & svalt: <30°C",
    "storage": "Förvaras torrt & svalt: <30°C",
    "combinedNameWithBrand": "Chocolate Protein Wafer Nick´s",
    "averageProductLife": 0,
    "minimumDaysBeforeExpire": 31,
    "averageUnitWeight": 42,
    "weight": 42,
    "isMixable": false,
    "idRequired": 0,
    "tagNames": [],
    "featured": false,
    "campaignRank": 2147483647,
    "availableQuantities": [
      {
        "quantity": 0,
        "quantityKey": "default"
      }
    ],
    "emission": 0,
    "allergies": [
      {
        "id": 7,
        "infoSource": null,
        "level": {
          "enumType": "se.mat.mycroft.enums.AllergyLevel",
          "name": "CONTAINS"
        },
        "substanceName": "Mjölk"
      },
      {
        "id": 6,
        "infoSource": null,
        "level": {
          "enumType": "se.mat.mycroft.enums.AllergyLevel",
          "name": "CONTAINS"
        },
        "substanceName": "Sojabönor"
      },
      {
        "id": 5,
        "infoSource": null,
        "level": {
          "enumType": "se.mat.mycroft.enums.AllergyLevel",
          "name": "TRACES"
        },
        "substanceName": "Jordnötter"
      },
      {
        "id": 10,
        "infoSource": null,
        "level": {
          "enumType": "se.mat.mycroft.enums.AllergyLevel",
          "name": "TRACES"
        },
        "substanceName": "Nötter"
      }
    ],
    "warehouseProductMappingId": null,
    "productRelationship": {
      "canBeReplacedWithProductIds": [],
      "canBeSubstitutedWithProductIds": [],
      "sameContentProductIds": []
    },
    "soldCount": 104,
    "variety": "",
    "isAgreeWithPersonalTerms": null,
    "hasDeclinedPersonalAgreement": null,
    "probability": null,
    "productCountries": [],
    "productVarieties": [],
    "productBanner": null,
    "isShowOnTopProduct": false,
    "primaryCategoryNamePath": "Mat.se Göteborg/Apoteksvaror/Vitaminer, Hälso- & Kosttillskott/Bars"
  },
  {
    "id": 104081,
    "dateCreated": "Mon Mar 29 19:42:31 CEST 2021",
    "name": "Protein Bar Big Bite Cookies & Cream",
    "showPrice": "15,95  kr",
    "friendlyUrl": "protein-bar-big-bite-cookies-cream-proteinpro-45g",
    "formattedName": "Protein Bar Big Bite Cookies & Cream",
    "ean": "7350021422149",
    "countryOfOrigin": "DE",
    "translatedCountryName": "Tyskland",
    "labelTags": [],
    "hasImage": true,
    "imageUrl": "https://d1hr6nb56yyl1.cloudfront.net/product-images/104081-150.jpg",
    "brand": {
      "id": 5389,
      "name": "PROBRANDS"
    },
    "categories": [
      {
        "id": 11474,
        "name": "Bars"
      },
      {
        "id": 4336,
        "name": "Bars"
      }
    ],
    "displayBrand": "PROBRANDS",
    "favouriteCount": 40,
    "active": true,
    "inStockQuantity": 17,
    "orderable": true,
    "price": 15.95,
    "priceWithoutVat": 14.2410714286,
    "recommendedRetailPrice": null,
    "readableComparisonPrice": "354,44 kr/kg",
    "discount": null,
    "discountedPrice": 0,
    "size": "45G",
    "weightProduct": false,
    "vat": 12,
    "content": "MJÖLKCHOKLAD 30 % (sötningsmedel/søtstoff; maltitol, kakaosmör, HELMJÖLK/MELK/MÆLKpulver, kakaomassa, emulgeringsmedel/emulgator; soja/soyalecitin, arom), MJÖLK/MELK/MÆLKprotein, kollagenpeptider, fuktighetsbevarande medel; glycerol, SOJA/SOYAprotein, vatten, sötningsmedel/søtstoff; maltitol, crisp (SOJA/SOYAprotein, ris, SOJAMJÖL/SOYAMEL, salt), kakaosmör, HELMJÖLK/MELK/MÆLKpulver, kakaopulver, tapioca stärkelse/stivelse, solrosolja/solsikkeolje, emulgeringsmedel/emulgator; lecitin (solros/solsikke, SOJA/SOYA), arom, salt, sötningsmedel/søtstoff; steviolglykosider.",
    "nutrition": "Näringsvärde per 100 Gram\nenergi 1586 Kilojoule\nenergi 379 Kilokalori\nfett 15 Gram\nvarav mättat fett 8.6 Gram\nkolhydrat 36 Gram\nvarav sockerarter 3.6 Gram\nsockeralkoholer 31 Gram\nprotein 37 Gram\nsalt 0.57 Gram",
    "durability": null,
    "recycling": null,
    "detail": "Vår lyxigaste proteinbar, med en krämig och god smak. Utan tillsatt socker.",
    "storage": "Förvaras vid högst 18 °C",
    "combinedNameWithBrand": "Protein Bar Big Bite Cookies & Cream Probrands",
    "averageProductLife": 0,
    "minimumDaysBeforeExpire": 31,
    "averageUnitWeight": 46,
    "weight": 46,
    "isMixable": false,
    "idRequired": 0,
    "tagNames": [],
    "featured": false,
    "campaignRank": 2147483647,
    "availableQuantities": [
      {
        "quantity": 17,
        "quantityKey": "dw-14468"
      },
      {
        "quantity": 17,
        "quantityKey": "dw-14436"
      },
      {
        "quantity": 17,
        "quantityKey": "dw-14474"
      },
      {
        "quantity": 17,
        "quantityKey": "dw-14434"
      },
      {
        "quantity": 17,
        "quantityKey": "dw-14466"
      },
      {
        "quantity": 17,
        "quantityKey": "dw-14408"
      },
      {
        "quantity": 17,
        "quantityKey": "dw-14392"
      },
      {
        "quantity": 17,
        "quantityKey": "dw-14398"
      },
      {
        "quantity": 17,
        "quantityKey": "dw-14442"
      },
      {
        "quantity": 17,
        "quantityKey": "dw-14444"
      },
      {
        "quantity": 17,
        "quantityKey": "dw-14450"
      },
      {
        "quantity": 17,
        "quantityKey": "dw-14426"
      },
      {
        "quantity": 17,
        "quantityKey": "dw-14452"
      },
      {
        "quantity": 17,
        "quantityKey": "dw-14422"
      },
      {
        "quantity": 17,
        "quantityKey": "dw-14416"
      },
      {
        "quantity": 17,
        "quantityKey": "dw-14400"
      },
      {
        "quantity": 17,
        "quantityKey": "dw-14428"
      },
      {
        "quantity": 17,
        "quantityKey": "dw-14460"
      },
      {
        "quantity": 17,
        "quantityKey": "dw-14414"
      },
      {
        "quantity": 17,
        "quantityKey": "dw-14458"
      },
      {
        "quantity": 17,
        "quantityKey": "default"
      },
      {
        "quantity": 17,
        "quantityKey": "dw-14390"
      },
      {
        "quantity": 17,
        "quantityKey": "dw-14406"
      }
    ],
    "emission": 0,
    "allergies": [
      {
        "id": 5,
        "infoSource": null,
        "level": {
          "enumType": "se.mat.mycroft.enums.AllergyLevel",
          "name": "TRACES"
        },
        "substanceName": "Jordnötter"
      },
      {
        "id": 10,
        "infoSource": null,
        "level": {
          "enumType": "se.mat.mycroft.enums.AllergyLevel",
          "name": "TRACES"
        },
        "substanceName": "Nötter"
      },
      {
        "id": 6,
        "infoSource": null,
        "level": {
          "enumType": "se.mat.mycroft.enums.AllergyLevel",
          "name": "CONTAINS"
        },
        "substanceName": "Sojabönor"
      },
      {
        "id": 3,
        "infoSource": null,
        "level": {
          "enumType": "se.mat.mycroft.enums.AllergyLevel",
          "name": "TRACES"
        },
        "substanceName": "Ägg"
      },
      {
        "id": 1,
        "infoSource": null,
        "level": {
          "enumType": "se.mat.mycroft.enums.AllergyLevel",
          "name": "TRACES"
        },
        "substanceName": "Gluten"
      },
      {
        "id": 7,
        "infoSource": null,
        "level": {
          "enumType": "se.mat.mycroft.enums.AllergyLevel",
          "name": "CONTAINS"
        },
        "substanceName": "Mjölk"
      }
    ],
    "warehouseProductMappingId": null,
    "productRelationship": {
      "canBeReplacedWithProductIds": [],
      "canBeSubstitutedWithProductIds": [],
      "sameContentProductIds": []
    },
    "soldCount": 216,
    "variety": "",
    "isAgreeWithPersonalTerms": null,
    "hasDeclinedPersonalAgreement": null,
    "probability": null,
    "productCountries": [],
    "productVarieties": [],
    "productBanner": null,
    "isShowOnTopProduct": false,
    "primaryCategoryNamePath": "Mat.se Göteborg/Hälsa & Träning/Bars"
  },
  {
    "id": 121766,
    "dateCreated": "Mon Jan 18 09:50:58 CET 2021",
    "name": "Lemon Cake Ball",
    "showPrice": "19,95  kr",
    "friendlyUrl": "lemon-cake-ball-dig-25g",
    "formattedName": "Lemon Cake Ball",
    "ean": "7350066440696",
    "countryOfOrigin": "CZ",
    "translatedCountryName": "Tjeckiska republiken",
    "labelTags": [
      {
        "id": 17,
        "name": "EU-logotype för ekologiska produkter",
        "tag": "eu_eko"
      }
    ],
    "hasImage": true,
    "imageUrl": "https://d1hr6nb56yyl1.cloudfront.net/product-images/121766-150.jpg",
    "brand": {
      "id": 12899,
      "name": "Dig"
    },
    "categories": [
      {
        "id": 4336,
        "name": "Bars"
      },
      {
        "id": 11474,
        "name": "Bars"
      }
    ],
    "displayBrand": "Dig",
    "favouriteCount": 55,
    "active": true,
    "inStockQuantity": 13,
    "orderable": true,
    "price": 19.95000076293945,
    "priceWithoutVat": 17.81250068119594,
    "recommendedRetailPrice": null,
    "readableComparisonPrice": "798 kr/kg",
    "discount": null,
    "discountedPrice": 0,
    "size": "25G",
    "weightProduct": false,
    "vat": 12,
    "content": "Kokosnektar*, MANDELSMÖR*, GLUTENFRI HAVRE*, kakaosmör*, MANDLAR*, frystorkad citronjuice* 2,5%, eterisk citronolja* 0,4%, havssalt, vaniljextrakt*. *Ekologisk/Økologisk. KAN INNEHÅLLA SPÅR AV NÖTTER, SESAMFRÖ OCH NÖTSKAL/KAN INDEHOLDE SPOR AF NØDDER, SESAMFRØ OG NØDDESKALLER.",
    "nutrition": "Näringsvärde per 100 Gram\nenergi 1600 Kilojoule\nenergi 390 Kilokalori\nfett 18 Gram\nvarav mättat fett 2 Gram\nkolhydrat 43 Gram\nvarav sockerarter 26 Gram\nfiber 6 Gram\nprotein 10 Gram\nsalt 0.37 Gram",
    "durability": null,
    "recycling": null,
    "detail": "Lemon Cake Ball är gjord på nio naturliga, ekologiska ingredienser, bland annat mandelsmör, glutenfri havre, kakao, citron och sötad med kokosnektar. Passar utmärkt till en kopp te. Njut med gott samvete!\n\nÖppnad förpackning bör konsumeras inom 3-5 dagar\n\nFörvaras torrt och svalt",
    "storage": "Förvaras torrt och svalt",
    "combinedNameWithBrand": "Lemon Cake Ball Dig",
    "averageProductLife": 0,
    "minimumDaysBeforeExpire": 31,
    "averageUnitWeight": 27,
    "weight": 27,
    "isMixable": false,
    "idRequired": 0,
    "tagNames": [],
    "featured": false,
    "campaignRank": 90,
    "availableQuantities": [
      {
        "quantity": 13,
        "quantityKey": "dw-14442"
      },
      {
        "quantity": 13,
        "quantityKey": "dw-14406"
      },
      {
        "quantity": 13,
        "quantityKey": "dw-14422"
      },
      {
        "quantity": 13,
        "quantityKey": "default"
      },
      {
        "quantity": 13,
        "quantityKey": "dw-14398"
      },
      {
        "quantity": 13,
        "quantityKey": "dw-14458"
      },
      {
        "quantity": 13,
        "quantityKey": "dw-14452"
      },
      {
        "quantity": 13,
        "quantityKey": "dw-14408"
      },
      {
        "quantity": 13,
        "quantityKey": "dw-14436"
      },
      {
        "quantity": 13,
        "quantityKey": "dw-14414"
      },
      {
        "quantity": 13,
        "quantityKey": "dw-14444"
      },
      {
        "quantity": 13,
        "quantityKey": "dw-14460"
      },
      {
        "quantity": 13,
        "quantityKey": "dw-14474"
      },
      {
        "quantity": 13,
        "quantityKey": "dw-14392"
      },
      {
        "quantity": 13,
        "quantityKey": "dw-14466"
      },
      {
        "quantity": 13,
        "quantityKey": "dw-14390"
      },
      {
        "quantity": 13,
        "quantityKey": "dw-14468"
      },
      {
        "quantity": 13,
        "quantityKey": "dw-14450"
      },
      {
        "quantity": 13,
        "quantityKey": "dw-14400"
      },
      {
        "quantity": 13,
        "quantityKey": "dw-14426"
      },
      {
        "quantity": 13,
        "quantityKey": "dw-14428"
      },
      {
        "quantity": 13,
        "quantityKey": "dw-14416"
      },
      {
        "quantity": 13,
        "quantityKey": "dw-14434"
      }
    ],
    "emission": 0,
    "allergies": [
      {
        "id": 13,
        "infoSource": null,
        "level": {
          "enumType": "se.mat.mycroft.enums.AllergyLevel",
          "name": "TRACES"
        },
        "substanceName": "Sesamfrön"
      },
      {
        "id": 10,
        "infoSource": null,
        "level": {
          "enumType": "se.mat.mycroft.enums.AllergyLevel",
          "name": "CONTAINS"
        },
        "substanceName": "Nötter"
      }
    ],
    "warehouseProductMappingId": null,
    "productRelationship": {
      "canBeReplacedWithProductIds": [],
      "canBeSubstitutedWithProductIds": [],
      "sameContentProductIds": []
    },
    "soldCount": 180,
    "variety": "",
    "isAgreeWithPersonalTerms": null,
    "hasDeclinedPersonalAgreement": null,
    "probability": null,
    "productCountries": [],
    "productVarieties": [],
    "productBanner": null,
    "isShowOnTopProduct": false,
    "primaryCategoryNamePath": "Mat.se Göteborg/Apoteksvaror/Vitaminer, Hälso- & Kosttillskott/Bars"
  },
  {
    "id": 121768,
    "dateCreated": "Mon Jan 18 09:19:22 CET 2021",
    "name": "Swedish Cinnamon Bun Ball",
    "showPrice": "19,95  kr",
    "friendlyUrl": "swedish-cinnamon-bun-ball-dig-25g",
    "formattedName": "Swedish Cinnamon Bun Ball",
    "ean": "7350066440672",
    "countryOfOrigin": "CZ",
    "translatedCountryName": "Tjeckiska republiken",
    "labelTags": [
      {
        "id": 17,
        "name": "EU-logotype för ekologiska produkter",
        "tag": "eu_eko"
      }
    ],
    "hasImage": true,
    "imageUrl": "https://d1hr6nb56yyl1.cloudfront.net/product-images/121768-150.jpg",
    "brand": {
      "id": 12899,
      "name": "Dig"
    },
    "categories": [
      {
        "id": 4336,
        "name": "Bars"
      },
      {
        "id": 11474,
        "name": "Bars"
      }
    ],
    "displayBrand": "Dig",
    "favouriteCount": 58,
    "active": true,
    "inStockQuantity": 20,
    "orderable": true,
    "price": 19.95,
    "priceWithoutVat": 17.8125,
    "recommendedRetailPrice": null,
    "readableComparisonPrice": "798 kr/kg",
    "discount": null,
    "discountedPrice": 0,
    "size": "25G",
    "weightProduct": false,
    "vat": 12,
    "content": "MANDELSMÖR*, kokosnektar*, GLUTENFRI HAVRE*, kakaosmör*, MANDLAR*, kanel* 3,5%, kardemumma*, havssalt. *Ekologisk/Økologisk. KAN INNEHÅLLA SPÅR AV NÖTTER, SESAMFRÖ OCH NÖTSKAL/KAN INDEHOLDE SPOR AF NØDDER, SESAMFRØ OG NØDDESKALLER.",
    "nutrition": "Näringsvärde per 100 Gram\nenergi 1850 Kilojoule\nenergi 440 Kilokalori\nfett 24 Gram\nvarav mättat fett 5 Gram\nkolhydrat 43 Gram\nvarav sockerarter 24 Gram\nfiber 8 Gram\nprotein 10 Gram\nsalt 0.55 Gram",
    "durability": null,
    "recycling": null,
    "detail": "Swedish Cinnamon Bun Ball är gjord på åtta naturliga, ekologiska ingredienser, bland annat mandelsmör, glutenfri havre, kanel och sötad med kokosnektar. Passar utmärkt till en kopp kaffe. Njut med gott samvete!\n\nÖppnad förpackning bör konsumeras inom 3-5 dagar\n\nFörvaras torrt och svalt",
    "storage": "Förvaras torrt och svalt",
    "combinedNameWithBrand": "Swedish Cinnamon Bun Ball Dig",
    "averageProductLife": 0,
    "minimumDaysBeforeExpire": 31,
    "averageUnitWeight": 27,
    "weight": 27,
    "isMixable": false,
    "idRequired": 0,
    "tagNames": [],
    "featured": false,
    "campaignRank": 2147483647,
    "availableQuantities": [
      {
        "quantity": 20,
        "quantityKey": "dw-14444"
      },
      {
        "quantity": 20,
        "quantityKey": "default"
      },
      {
        "quantity": 4,
        "quantityKey": "dw-14390"
      },
      {
        "quantity": 20,
        "quantityKey": "dw-14436"
      },
      {
        "quantity": 20,
        "quantityKey": "dw-14468"
      },
      {
        "quantity": 20,
        "quantityKey": "dw-14416"
      },
      {
        "quantity": 20,
        "quantityKey": "dw-14442"
      },
      {
        "quantity": 20,
        "quantityKey": "dw-14392"
      },
      {
        "quantity": 20,
        "quantityKey": "dw-14458"
      },
      {
        "quantity": 20,
        "quantityKey": "dw-14414"
      },
      {
        "quantity": 20,
        "quantityKey": "dw-14422"
      },
      {
        "quantity": 20,
        "quantityKey": "dw-14434"
      },
      {
        "quantity": 20,
        "quantityKey": "dw-14400"
      },
      {
        "quantity": 20,
        "quantityKey": "dw-14426"
      },
      {
        "quantity": 20,
        "quantityKey": "dw-14474"
      },
      {
        "quantity": 20,
        "quantityKey": "dw-14406"
      },
      {
        "quantity": 20,
        "quantityKey": "dw-14460"
      },
      {
        "quantity": 20,
        "quantityKey": "dw-14452"
      },
      {
        "quantity": 20,
        "quantityKey": "dw-14398"
      },
      {
        "quantity": 20,
        "quantityKey": "dw-14450"
      },
      {
        "quantity": 20,
        "quantityKey": "dw-14466"
      },
      {
        "quantity": 20,
        "quantityKey": "dw-14428"
      },
      {
        "quantity": 20,
        "quantityKey": "dw-14408"
      }
    ],
    "emission": 0,
    "allergies": [
      {
        "id": 10,
        "infoSource": null,
        "level": {
          "enumType": "se.mat.mycroft.enums.AllergyLevel",
          "name": "CONTAINS"
        },
        "substanceName": "Nötter"
      },
      {
        "id": 13,
        "infoSource": null,
        "level": {
          "enumType": "se.mat.mycroft.enums.AllergyLevel",
          "name": "TRACES"
        },
        "substanceName": "Sesamfrön"
      }
    ],
    "warehouseProductMappingId": null,
    "productRelationship": {
      "canBeReplacedWithProductIds": [],
      "canBeSubstitutedWithProductIds": [],
      "sameContentProductIds": []
    },
    "soldCount": 205,
    "variety": "",
    "isAgreeWithPersonalTerms": null,
    "hasDeclinedPersonalAgreement": null,
    "probability": null,
    "productCountries": [],
    "productVarieties": [],
    "productBanner": null,
    "isShowOnTopProduct": false,
    "primaryCategoryNamePath": "Mat.se Göteborg/Apoteksvaror/Vitaminer, Hälso- & Kosttillskott/Bars"
  },
  {
    "id": 113467,
    "dateCreated": "Wed Aug 26 13:16:32 CEST 2020",
    "name": "Blueberry Deli High Protein Drink",
    "showPrice": "18,50  kr",
    "friendlyUrl": "blueberry-deli-high-protein-drink-gainomax-25cl",
    "formattedName": "Blueberry Deli High Protein Drink",
    "ean": "7310861015277",
    "countryOfOrigin": "SE",
    "translatedCountryName": "Sverige",
    "labelTags": [],
    "hasImage": true,
    "imageUrl": "https://d1hr6nb56yyl1.cloudfront.net/product-images/113467-150.jpg",
    "brand": {
      "id": 937,
      "name": "Gainomax"
    },
    "categories": [
      {
        "id": 10262,
        "name": "Milkshake"
      },
      {
        "id": 11478,
        "name": "Proteindryck"
      },
      {
        "id": 9230,
        "name": "Proteintillskott"
      }
    ],
    "displayBrand": "Gainomax",
    "favouriteCount": 51,
    "active": true,
    "inStockQuantity": 65,
    "orderable": true,
    "price": 18.5,
    "priceWithoutVat": 16.5178571429,
    "recommendedRetailPrice": null,
    "readableComparisonPrice": "74 kr/l",
    "discount": null,
    "discountedPrice": 0,
    "size": "25CL",
    "weightProduct": false,
    "vat": 12,
    "content": "UHT-behandlad MJÖLK, vatten, MJÖLKPROTEIN, laktasenzym, stabiliseringsmedel karragenan, surhetsreglerande medel kaliumhydroxid, aromer, sötningsmedel sukralos.",
    "nutrition": "Näringsvärde per 100 Milliliter\nenergi 290 Kilojoule\nenergi 70 Kilokalori\nfett 0.5 Gram\nvarav mättat fett 0.5 Gram\nkolhydrat 3.9 Gram\nvarav sockerarter 3.9 Gram\nprotein 12 Gram\nsalt 0.1 Gram\nriboflavin 0.12 Milligram\nfolsyra 18.8 Mikrogram\nvitamin B12 0.46 Mikrogram\nkalcium 249 Milligram",
    "durability": null,
    "recycling": null,
    "detail": "High Protein Drink: Passar såväl efter träning som till mellanmål. Med extra högt proteininnehåll och utan tillsatt socker. Perfekt för dig som är mån om att boosta muskeltillväxten\n\nHållbarhet och smak garanteras fram till Bäst före datum.  Mjölkbaserad återhämtningsdryck med 30 g protein och 10 g kolhydrat per förpackning. Helt utan tillsatt socker. Passar såväl efter träning som till mellanmål. Med extra högt proteininnehåll och utan tillsatt socker. Perfekt för dig som är mån om att boosta muskeltillväxten.\n\nOöppnad förpackning kan förvaras vid rumstemperatur. Öppnad förpackning förvaras vid högst +8°C i 4-5 dagar.",
    "storage": "Oöppnad förpackning kan förvaras vid rumstemperatur. Öppnad förpackning förvaras vid högst +8°C i 4-5 dagar.",
    "combinedNameWithBrand": "Blueberry Deli High Protein Drink Gainomax",
    "averageProductLife": 0,
    "minimumDaysBeforeExpire": 31,
    "averageUnitWeight": 280,
    "weight": 280,
    "isMixable": false,
    "idRequired": 0,
    "tagNames": [],
    "featured": false,
    "campaignRank": 94,
    "availableQuantities": [
      {
        "quantity": 65,
        "quantityKey": "dw-14422"
      },
      {
        "quantity": 65,
        "quantityKey": "dw-14426"
      },
      {
        "quantity": 65,
        "quantityKey": "dw-14468"
      },
      {
        "quantity": 65,
        "quantityKey": "dw-14436"
      },
      {
        "quantity": 65,
        "quantityKey": "dw-14408"
      },
      {
        "quantity": 65,
        "quantityKey": "dw-14442"
      },
      {
        "quantity": 65,
        "quantityKey": "dw-14406"
      },
      {
        "quantity": 65,
        "quantityKey": "dw-14460"
      },
      {
        "quantity": 65,
        "quantityKey": "dw-14400"
      },
      {
        "quantity": 65,
        "quantityKey": "dw-14416"
      },
      {
        "quantity": 65,
        "quantityKey": "dw-14466"
      },
      {
        "quantity": 65,
        "quantityKey": "dw-14392"
      },
      {
        "quantity": 65,
        "quantityKey": "dw-14398"
      },
      {
        "quantity": 65,
        "quantityKey": "dw-14474"
      },
      {
        "quantity": 65,
        "quantityKey": "dw-14452"
      },
      {
        "quantity": 65,
        "quantityKey": "dw-14428"
      },
      {
        "quantity": 65,
        "quantityKey": "dw-14458"
      },
      {
        "quantity": 65,
        "quantityKey": "dw-14414"
      },
      {
        "quantity": 65,
        "quantityKey": "dw-14444"
      },
      {
        "quantity": 65,
        "quantityKey": "dw-14434"
      },
      {
        "quantity": 65,
        "quantityKey": "dw-14390"
      },
      {
        "quantity": 65,
        "quantityKey": "dw-14450"
      },
      {
        "quantity": 65,
        "quantityKey": "default"
      }
    ],
    "emission": 0,
    "allergies": [
      {
        "id": 7,
        "infoSource": null,
        "level": {
          "enumType": "se.mat.mycroft.enums.AllergyLevel",
          "name": "CONTAINS"
        },
        "substanceName": "Mjölk"
      }
    ],
    "warehouseProductMappingId": null,
    "productRelationship": {
      "canBeReplacedWithProductIds": [],
      "canBeSubstitutedWithProductIds": [],
      "sameContentProductIds": []
    },
    "soldCount": 267,
    "variety": "",
    "isAgreeWithPersonalTerms": null,
    "hasDeclinedPersonalAgreement": null,
    "probability": null,
    "productCountries": [],
    "productVarieties": [],
    "productBanner": null,
    "isShowOnTopProduct": false,
    "primaryCategoryNamePath": "Mat.se Göteborg/Mejeri, Juice & Ägg/Proteinmål/Milkshake"
  },
  {
    "id": 121796,
    "dateCreated": "Fri Jan 15 09:59:07 CET 2021",
    "name": "Caramel Triple Nut Proteinbar",
    "showPrice": "21,50  kr",
    "friendlyUrl": "caramel-triple-nut-proteinbar-gainomax-60g",
    "formattedName": "Caramel Triple Nut Proteinbar",
    "ean": "7310861040897",
    "countryOfOrigin": "NL",
    "translatedCountryName": "Nederländerna",
    "labelTags": [],
    "hasImage": true,
    "imageUrl": "https://d1hr6nb56yyl1.cloudfront.net/product-images/121796-150.jpg",
    "brand": {
      "id": 937,
      "name": "Gainomax"
    },
    "categories": [
      {
        "id": 4336,
        "name": "Bars"
      },
      {
        "id": 11474,
        "name": "Bars"
      }
    ],
    "displayBrand": "Gainomax",
    "favouriteCount": 25,
    "active": true,
    "inStockQuantity": 19,
    "orderable": true,
    "price": 21.5,
    "priceWithoutVat": 19.1964285714,
    "recommendedRetailPrice": null,
    "readableComparisonPrice": "358,33 kr/kg",
    "discount": null,
    "discountedPrice": 0,
    "size": "60G",
    "weightProduct": false,
    "vat": 12,
    "content": "MJÖLKCHOKLAD (20 %) (socker, kakaosmör, HELMJÖLKSPULVER, kakaomassa, emulgeringsmedel SOJALECITIN, aromer), salt karamellager (bulkmedel polydextros, solrosolja, SKUMMJÖLKSPULVER, stabiliseringsmedel xylitol, emulgeringsmedel SOJALECITIN, aromer, salt), gelatinhydrolysat, MJÖLKPROTEIN, glukossirap, hydrolyserat VETEGLUTEN, socker, fuktighetsbevarande medel glycerol, SOJAOLJA, salta JORDNÖTTER (JORDNÖTTER (1,9%) JORDNÖTSOLJA, salt), choklad (socker, kakaomassa, kakaosmör, emulgeringsmedel SOJALECITIN), vassleproteinkrisp (VASSLEPROTEIN [från MJÖLK], rismjöl, emulgerigsmedel SOJALECITIN), MANDEL 0,9%, HASSELNÖT 0,7%, isomaltulos*, aromer (innehåller JORDNÖT), salt, emulgeringsmedel SOJALECITIN. *isomaltulos är en källa till glukos och fruktos. Kan innehålla spår av VALNÖT, PEKANNÖT, CASHEWNÖT, MACADAMIANÖT, PARANÖT, PISTAGENÖT, SESAMFRÖ och ÄGG.",
    "nutrition": "Näringsvärde per 100 Gram\nenergi 1650 Kilojoule\nenergi 390 Kilokalori\nfett 14 Gram\nvarav mättat fett 5.6 Gram\nkolhydrat 34 Gram\nvarav sockerarter 25 Gram\nprotein 29 Gram\nsalt 0.6 Gram",
    "durability": null,
    "recycling": null,
    "detail": "Proteinbar med 18 gram protein och 21 gram kolhydrat.   Passar bra efter träning eller som mellanmål.  För dig som har en aktiv livsstil och vill hålla kroppen i form.\n\nHållbarhet och smak garanteras fram till Bäst före datum.  Funktionellt mellanmål delad i två bitar för dig som vill hålla nere kolhydratnivån. Njutning utan tillsatt socker. 20 gram protein och ca 13 g kolhydrat.  Perfekt både före och efter träning. Mellanmål på språng eller som återhämtning efter träningspass.\n\nFörvaras vid rumstemperatur. Undvik solljus och hög luftfuktighet.",
    "storage": "Förvaras vid rumstemperatur. Undvik solljus och hög luftfuktighet.",
    "combinedNameWithBrand": "Caramel Triple Nut Proteinbar Gainomax",
    "averageProductLife": 0,
    "minimumDaysBeforeExpire": 31,
    "averageUnitWeight": 61,
    "weight": 61,
    "isMixable": false,
    "idRequired": 0,
    "tagNames": [],
    "featured": false,
    "campaignRank": 2147483647,
    "availableQuantities": [
      {
        "quantity": 19,
        "quantityKey": "dw-14460"
      },
      {
        "quantity": 19,
        "quantityKey": "dw-14452"
      },
      {
        "quantity": 19,
        "quantityKey": "dw-14436"
      },
      {
        "quantity": 19,
        "quantityKey": "dw-14450"
      },
      {
        "quantity": 19,
        "quantityKey": "dw-14406"
      },
      {
        "quantity": 19,
        "quantityKey": "dw-14390"
      },
      {
        "quantity": 19,
        "quantityKey": "dw-14400"
      },
      {
        "quantity": 19,
        "quantityKey": "dw-14468"
      },
      {
        "quantity": 19,
        "quantityKey": "dw-14408"
      },
      {
        "quantity": 19,
        "quantityKey": "dw-14444"
      },
      {
        "quantity": 19,
        "quantityKey": "dw-14426"
      },
      {
        "quantity": 19,
        "quantityKey": "dw-14466"
      },
      {
        "quantity": 19,
        "quantityKey": "dw-14398"
      },
      {
        "quantity": 19,
        "quantityKey": "default"
      },
      {
        "quantity": 19,
        "quantityKey": "dw-14434"
      },
      {
        "quantity": 19,
        "quantityKey": "dw-14458"
      },
      {
        "quantity": 19,
        "quantityKey": "dw-14474"
      },
      {
        "quantity": 19,
        "quantityKey": "dw-14416"
      },
      {
        "quantity": 19,
        "quantityKey": "dw-14428"
      },
      {
        "quantity": 19,
        "quantityKey": "dw-14442"
      },
      {
        "quantity": 19,
        "quantityKey": "dw-14414"
      },
      {
        "quantity": 19,
        "quantityKey": "dw-14422"
      },
      {
        "quantity": 19,
        "quantityKey": "dw-14392"
      }
    ],
    "emission": 0,
    "allergies": [
      {
        "id": 25,
        "infoSource": null,
        "level": {
          "enumType": "se.mat.mycroft.enums.AllergyLevel",
          "name": "TRACES"
        },
        "substanceName": "Makadamianöt"
      },
      {
        "id": 20,
        "infoSource": null,
        "level": {
          "enumType": "se.mat.mycroft.enums.AllergyLevel",
          "name": "TRACES"
        },
        "substanceName": "Valnöt"
      },
      {
        "id": 21,
        "infoSource": null,
        "level": {
          "enumType": "se.mat.mycroft.enums.AllergyLevel",
          "name": "TRACES"
        },
        "substanceName": "Cashewnöt"
      },
      {
        "id": 24,
        "infoSource": null,
        "level": {
          "enumType": "se.mat.mycroft.enums.AllergyLevel",
          "name": "TRACES"
        },
        "substanceName": "Pistaschmandel"
      },
      {
        "id": 7,
        "infoSource": null,
        "level": {
          "enumType": "se.mat.mycroft.enums.AllergyLevel",
          "name": "CONTAINS"
        },
        "substanceName": "Mjölk"
      },
      {
        "id": 22,
        "infoSource": null,
        "level": {
          "enumType": "se.mat.mycroft.enums.AllergyLevel",
          "name": "TRACES"
        },
        "substanceName": "Pekannöt"
      },
      {
        "id": 1,
        "infoSource": null,
        "level": {
          "enumType": "se.mat.mycroft.enums.AllergyLevel",
          "name": "CONTAINS"
        },
        "substanceName": "Gluten"
      },
      {
        "id": 5,
        "infoSource": null,
        "level": {
          "enumType": "se.mat.mycroft.enums.AllergyLevel",
          "name": "CONTAINS"
        },
        "substanceName": "Jordnötter"
      },
      {
        "id": 10,
        "infoSource": null,
        "level": {
          "enumType": "se.mat.mycroft.enums.AllergyLevel",
          "name": "TRACES"
        },
        "substanceName": "Nötter"
      },
      {
        "id": 6,
        "infoSource": null,
        "level": {
          "enumType": "se.mat.mycroft.enums.AllergyLevel",
          "name": "CONTAINS"
        },
        "substanceName": "Sojabönor"
      },
      {
        "id": 3,
        "infoSource": null,
        "level": {
          "enumType": "se.mat.mycroft.enums.AllergyLevel",
          "name": "TRACES"
        },
        "substanceName": "Ägg"
      },
      {
        "id": 23,
        "infoSource": null,
        "level": {
          "enumType": "se.mat.mycroft.enums.AllergyLevel",
          "name": "TRACES"
        },
        "substanceName": "Paranöt"
      },
      {
        "id": 18,
        "infoSource": null,
        "level": {
          "enumType": "se.mat.mycroft.enums.AllergyLevel",
          "name": "CONTAINS"
        },
        "substanceName": "Mandel"
      }
    ],
    "warehouseProductMappingId": null,
    "productRelationship": {
      "canBeReplacedWithProductIds": [],
      "canBeSubstitutedWithProductIds": [],
      "sameContentProductIds": []
    },
    "soldCount": 192,
    "variety": "",
    "isAgreeWithPersonalTerms": null,
    "hasDeclinedPersonalAgreement": null,
    "probability": null,
    "productCountries": [],
    "productVarieties": [],
    "productBanner": null,
    "isShowOnTopProduct": false,
    "primaryCategoryNamePath": "Mat.se Göteborg/Apoteksvaror/Vitaminer, Hälso- & Kosttillskott/Bars"
  },
  {
    "id": 121874,
    "dateCreated": "Mon Jan 25 13:58:52 CET 2021",
    "name": "Hazelnut Protein Wafer",
    "showPrice": "16,50  kr",
    "friendlyUrl": "protein-wafer-hazelnut-nicks-40g",
    "formattedName": "Hazelnut Protein Wafer",
    "ean": "7350104401214",
    "countryOfOrigin": "BG",
    "translatedCountryName": "Bulgarien",
    "labelTags": [
      {
        "id": 14,
        "name": "Särnär fri från gluten",
        "tag": "fri_gluten"
      }
    ],
    "hasImage": true,
    "imageUrl": "https://d1hr6nb56yyl1.cloudfront.net/product-images/121874-150.jpg",
    "brand": {
      "id": 12132,
      "name": "Nick´s"
    },
    "categories": [
      {
        "id": 4336,
        "name": "Bars"
      },
      {
        "id": 11474,
        "name": "Bars"
      }
    ],
    "displayBrand": "Nick´s",
    "favouriteCount": 43,
    "active": true,
    "inStockQuantity": 6,
    "orderable": true,
    "price": 16.5,
    "priceWithoutVat": 14.7321428571,
    "recommendedRetailPrice": null,
    "readableComparisonPrice": "412,50 kr/kg",
    "discount": null,
    "discountedPrice": 0,
    "size": "40G",
    "weightProduct": false,
    "vat": 12,
    "content": "MJÖLK/MÆLKEPROTEIN, vegetabilisk olja (shea, kokos), kakaosmör, sötningsmedel: erytritol, mjöl/mel mix (majs, potatis), MJÖLK/MÆLKEPULVER, polydextros (fiber), kakaomassa, cikoriarotfiber, vegetabilisk olja (solros/solsikke), emulgeringsmedel (solros/solsikkelecitin, SOJA/SOYAlecitin), salt, HASSELNÖTTER, bakpulver: natriumbikarbonat, sötningsmedel: steviolglykosider, Vitamin E, C, B1, B2, B3, B5, B6, B7, B9, B12, naturlig arom. Kan innehålla spår av JORDNÖTTER/PEANØTTER.",
    "nutrition": "Näringsvärde per 100 Gram\nenergi 2031 Kilojoule\nenergi 485 Kilokalori\nfett 34.1 Gram\nvarav mättat fett 20.1 Gram\nkolhydrat 23.1 Gram\nvarav sockerarter 6 Gram\nsockeralkoholer 9.3 Gram\nfiber 8.1 Gram\nprotein 30 Gram\nsalt 0.05 Gram\nvitamin E 4.5 Milligram\nvitamin C 30 Milligram\ntiamin 0.41 Milligram\nriboflavin 0.53 Milligram\nniacin 6 Milligram\nvitamin B6 0.53 Milligram\nfolsyra 75 Mikrogram\nvitamin B12 0.84 Mikrogram\nbiotin 19 Mikrogram\npantotensyra 2.3 Milligram",
    "durability": null,
    "recycling": null,
    "detail": "Krispigt hasselnötproteinkex laddad med vitaminer och prebiotiska fiber. Passande för lågkolhydratskost, keto, diabetes, glutenintolerans men främst för alla som vill njuta och må bra på samma gång. 30% protein, no added sugar, no gluten, just joy.\n\nFörvaras torrt & svalt: <30°C",
    "storage": "Förvaras torrt & svalt: <30°C",
    "combinedNameWithBrand": "Hazelnut Protein Wafer Nick´s",
    "averageProductLife": 0,
    "minimumDaysBeforeExpire": 31,
    "averageUnitWeight": 42,
    "weight": 42,
    "isMixable": false,
    "idRequired": 0,
    "tagNames": [],
    "featured": false,
    "campaignRank": 2147483647,
    "availableQuantities": [
      {
        "quantity": 6,
        "quantityKey": "dw-14036"
      },
      {
        "quantity": 6,
        "quantityKey": "dw-14044"
      },
      {
        "quantity": 6,
        "quantityKey": "dw-14042"
      },
      {
        "quantity": 6,
        "quantityKey": "dw-13970"
      },
      {
        "quantity": 6,
        "quantityKey": "dw-14024"
      },
      {
        "quantity": 6,
        "quantityKey": "dw-14058"
      },
      {
        "quantity": 6,
        "quantityKey": "dw-13998"
      },
      {
        "quantity": 6,
        "quantityKey": "dw-13972"
      },
      {
        "quantity": 6,
        "quantityKey": "dw-14030"
      },
      {
        "quantity": 6,
        "quantityKey": "dw-13984"
      },
      {
        "quantity": 6,
        "quantityKey": "dw-14034"
      },
      {
        "quantity": 6,
        "quantityKey": "dw-13978"
      },
      {
        "quantity": 6,
        "quantityKey": "dw-14060"
      },
      {
        "quantity": 6,
        "quantityKey": "dw-13990"
      },
      {
        "quantity": 6,
        "quantityKey": "dw-14050"
      },
      {
        "quantity": 6,
        "quantityKey": "dw-13982"
      },
      {
        "quantity": 6,
        "quantityKey": "dw-13992"
      },
      {
        "quantity": 6,
        "quantityKey": "dw-14008"
      },
      {
        "quantity": 6,
        "quantityKey": "dw-14006"
      },
      {
        "quantity": 6,
        "quantityKey": "dw-14014"
      },
      {
        "quantity": 6,
        "quantityKey": "dw-14016"
      },
      {
        "quantity": 6,
        "quantityKey": "dw-14022"
      },
      {
        "quantity": 6,
        "quantityKey": "dw-14052"
      },
      {
        "quantity": 6,
        "quantityKey": "default"
      },
      {
        "quantity": 6,
        "quantityKey": "dw-14000"
      }
    ],
    "emission": 0,
    "allergies": [
      {
        "id": 5,
        "infoSource": null,
        "level": {
          "enumType": "se.mat.mycroft.enums.AllergyLevel",
          "name": "TRACES"
        },
        "substanceName": "Jordnötter"
      },
      {
        "id": 10,
        "infoSource": null,
        "level": {
          "enumType": "se.mat.mycroft.enums.AllergyLevel",
          "name": "CONTAINS"
        },
        "substanceName": "Nötter"
      },
      {
        "id": 6,
        "infoSource": null,
        "level": {
          "enumType": "se.mat.mycroft.enums.AllergyLevel",
          "name": "CONTAINS"
        },
        "substanceName": "Sojabönor"
      },
      {
        "id": 7,
        "infoSource": null,
        "level": {
          "enumType": "se.mat.mycroft.enums.AllergyLevel",
          "name": "CONTAINS"
        },
        "substanceName": "Mjölk"
      }
    ],
    "warehouseProductMappingId": null,
    "productRelationship": {
      "canBeReplacedWithProductIds": [],
      "canBeSubstitutedWithProductIds": [],
      "sameContentProductIds": []
    },
    "soldCount": 188,
    "variety": "",
    "isAgreeWithPersonalTerms": null,
    "hasDeclinedPersonalAgreement": null,
    "probability": null,
    "productCountries": [],
    "productVarieties": [],
    "productBanner": null,
    "isShowOnTopProduct": false,
    "primaryCategoryNamePath": "Mat.se Göteborg/Apoteksvaror/Vitaminer, Hälso- & Kosttillskott/Bars"
  },
  {
    "id": 104464,
    "dateCreated": "Wed Oct 23 12:00:44 CEST 2019",
    "name": "Protein Bar Fudge Sea Salt",
    "showPrice": "21,50  kr",
    "friendlyUrl": "protein-bar-fudge-sea-salt-gainomax-60g",
    "formattedName": "Protein Bar Fudge Sea Salt",
    "ean": "7310861040873",
    "countryOfOrigin": "NL",
    "translatedCountryName": "Nederländerna",
    "labelTags": [],
    "hasImage": true,
    "imageUrl": "https://d1hr6nb56yyl1.cloudfront.net/product-images/104464-150.jpg",
    "brand": {
      "id": 937,
      "name": "Gainomax"
    },
    "categories": [
      {
        "id": 4336,
        "name": "Bars"
      },
      {
        "id": 11474,
        "name": "Bars"
      }
    ],
    "displayBrand": "Gainomax",
    "favouriteCount": 34,
    "active": true,
    "inStockQuantity": 20,
    "orderable": true,
    "price": 21.5,
    "priceWithoutVat": 19.1964285714,
    "recommendedRetailPrice": null,
    "readableComparisonPrice": "358,33 kr/kg",
    "discount": null,
    "discountedPrice": 0,
    "size": "60G",
    "weightProduct": false,
    "vat": 12,
    "content": "MJÖLKCHOKLAD (20 %) (socker, kakaosmör, HELMJÖLKSPULVER, kakaomassa, emulgeringsmedel SOJALECITIN, aromer), salt karamellager (bulkmedel polydextros, solrosolja, SKUMMJÖLKSPULVER, stabiliseringsmedel xylitol, emulgeringsmedel SOJALECITIN, havssalt 0,1%, salt, aromer), gelatinhydrolysat, MJÖLKPROTEIN, glukossirap, hydrolyserat VETEGLUTEN, socker, fuktighetsbevarande medel glycerol, SOJAOLJA, choklad (socker, kakaomassa, kakaosmör, emulgeringsmedel SOJALECITIN), isomaltulos*, fettreducerad kakao, karamell 0,6% (HELMJÖLKSPULVER, glukossirap, socker), aromer, havssalt 0,3%, emulgeringsmedel SOJALECITIN. *isomaltulos är en källa till glukos och fruktos. Kan innehålla spår av VALNÖT, PEKANNÖT, MANDEL, CASHEWNÖT, HASSELNÖT, MACADAMIANÖT, PARANÖT, PISTAGENÖT, JORDNÖT, SESAMFRÖ och ÄGG.",
    "nutrition": "Näringsvärde per 100 Gram\nenergi 1600 Kilojoule\nenergi 370 Kilokalori\nfett 12 Gram\nvarav mättat fett 5.4 Gram\nkolhydrat 35 Gram\nvarav sockerarter 26 Gram\nprotein 28 Gram\nsalt 0.7 Gram",
    "durability": null,
    "recycling": null,
    "detail": "Proteinbar med 17 gram protein och 21 gram kolhydrat. Passar bra efter träning eller som mellanmål.  För dig som har en aktiv livsstil och vill hålla kroppen i form.\n\nHållbarhet och smak garanteras fram till Bäst före datum.  Perfekt både före och efter träning. Mellanmål på språng eller som återhämtning efter träningspass. Proteinbar med 17-20 (28-30%) gram protein och ca 20 gram kolhydrat, bra som mellanmål eller för återhämtning.\n\nFörvaras vid rumstemperatur. Undvik solljus och hög luftfuktighet.",
    "storage": "Förvaras vid rumstemperatur. Undvik solljus och hög luftfuktighet.",
    "combinedNameWithBrand": "Protein Bar Fudge Sea Salt Gainomax",
    "averageProductLife": 0,
    "minimumDaysBeforeExpire": 31,
    "averageUnitWeight": 61,
    "weight": 61,
    "isMixable": false,
    "idRequired": 0,
    "tagNames": [],
    "featured": false,
    "campaignRank": 2147483647,
    "availableQuantities": [
      {
        "quantity": 20,
        "quantityKey": "dw-14408"
      },
      {
        "quantity": 20,
        "quantityKey": "dw-14460"
      },
      {
        "quantity": 20,
        "quantityKey": "dw-14444"
      },
      {
        "quantity": 20,
        "quantityKey": "dw-14426"
      },
      {
        "quantity": 5,
        "quantityKey": "dw-14390"
      },
      {
        "quantity": 20,
        "quantityKey": "dw-14416"
      },
      {
        "quantity": 20,
        "quantityKey": "dw-14450"
      },
      {
        "quantity": 20,
        "quantityKey": "dw-14468"
      },
      {
        "quantity": 20,
        "quantityKey": "dw-14436"
      },
      {
        "quantity": 20,
        "quantityKey": "default"
      },
      {
        "quantity": 20,
        "quantityKey": "dw-14458"
      },
      {
        "quantity": 5,
        "quantityKey": "dw-14392"
      },
      {
        "quantity": 5,
        "quantityKey": "dw-14398"
      },
      {
        "quantity": 20,
        "quantityKey": "dw-14422"
      },
      {
        "quantity": 20,
        "quantityKey": "dw-14474"
      },
      {
        "quantity": 20,
        "quantityKey": "dw-14452"
      },
      {
        "quantity": 5,
        "quantityKey": "dw-14406"
      },
      {
        "quantity": 20,
        "quantityKey": "dw-14442"
      },
      {
        "quantity": 20,
        "quantityKey": "dw-14466"
      },
      {
        "quantity": 20,
        "quantityKey": "dw-14414"
      },
      {
        "quantity": 5,
        "quantityKey": "dw-14400"
      },
      {
        "quantity": 20,
        "quantityKey": "dw-14428"
      },
      {
        "quantity": 20,
        "quantityKey": "dw-14434"
      }
    ],
    "emission": 0,
    "allergies": [
      {
        "id": 5,
        "infoSource": null,
        "level": {
          "enumType": "se.mat.mycroft.enums.AllergyLevel",
          "name": "TRACES"
        },
        "substanceName": "Jordnötter"
      },
      {
        "id": 1,
        "infoSource": null,
        "level": {
          "enumType": "se.mat.mycroft.enums.AllergyLevel",
          "name": "CONTAINS"
        },
        "substanceName": "Gluten"
      },
      {
        "id": 10,
        "infoSource": null,
        "level": {
          "enumType": "se.mat.mycroft.enums.AllergyLevel",
          "name": "TRACES"
        },
        "substanceName": "Nötter"
      },
      {
        "id": 3,
        "infoSource": null,
        "level": {
          "enumType": "se.mat.mycroft.enums.AllergyLevel",
          "name": "TRACES"
        },
        "substanceName": "Ägg"
      },
      {
        "id": 7,
        "infoSource": null,
        "level": {
          "enumType": "se.mat.mycroft.enums.AllergyLevel",
          "name": "CONTAINS"
        },
        "substanceName": "Mjölk"
      },
      {
        "id": 6,
        "infoSource": null,
        "level": {
          "enumType": "se.mat.mycroft.enums.AllergyLevel",
          "name": "CONTAINS"
        },
        "substanceName": "Sojabönor"
      },
      {
        "id": 13,
        "infoSource": null,
        "level": {
          "enumType": "se.mat.mycroft.enums.AllergyLevel",
          "name": "TRACES"
        },
        "substanceName": "Sesamfrön"
      }
    ],
    "warehouseProductMappingId": null,
    "productRelationship": {
      "canBeReplacedWithProductIds": [],
      "canBeSubstitutedWithProductIds": [],
      "sameContentProductIds": []
    },
    "soldCount": 139,
    "variety": "",
    "isAgreeWithPersonalTerms": null,
    "hasDeclinedPersonalAgreement": null,
    "probability": null,
    "productCountries": [],
    "productVarieties": [],
    "productBanner": null,
    "isShowOnTopProduct": false,
    "primaryCategoryNamePath": "Mat.se Göteborg/Apoteksvaror/Vitaminer, Hälso- & Kosttillskott/Bars"
  },
  {
    "id": 121772,
    "dateCreated": "Mon Jan 18 09:33:41 CET 2021",
    "name": "Dark Chocolate Sea Salt Energibar",
    "showPrice": "16,95  kr",
    "friendlyUrl": "dark-chocolate-sea-salt-energibar-eat-natural-45g",
    "formattedName": "Dark Chocolate Sea Salt Energibar",
    "ean": "96187166",
    "countryOfOrigin": "GB",
    "translatedCountryName": "Storbritannien",
    "labelTags": [
      {
        "id": 14,
        "name": "Särnär fri från gluten",
        "tag": "fri_gluten"
      }
    ],
    "hasImage": true,
    "imageUrl": "https://d1hr6nb56yyl1.cloudfront.net/product-images/121772-150.jpg",
    "brand": {
      "id": 5586,
      "name": "Eat Natural"
    },
    "categories": [
      {
        "id": 4336,
        "name": "Bars"
      },
      {
        "id": 11474,
        "name": "Bars"
      }
    ],
    "displayBrand": "Eat Natural",
    "favouriteCount": 48,
    "active": true,
    "inStockQuantity": 10,
    "orderable": true,
    "price": 16.95000076293945,
    "priceWithoutVat": 15.13392925262451,
    "recommendedRetailPrice": null,
    "readableComparisonPrice": "376,67 kr/kg",
    "discount": null,
    "discountedPrice": 0,
    "size": "45G",
    "weightProduct": false,
    "vat": 12,
    "content": "Mörk choklad 20% (kakaomassa, socker, kakaosmör, emulgeringsmedel: SOJA-LECITIN), glukossirap, JORDNÖTTER 12%, puffat ris (ris, socker), fikon 8%(fikon, rismjöl), torkade aprikoser 8% (aprikoser, rismjöl), honung, sultanrussin 7%(sultanrussin, solrosolja), riven kokos, MANDLAR 6%, kakaopulver, havssalt. Kan innehålla spår av: Andra NÖTTER, SESAMFRÖN, KOMJÖLK",
    "nutrition": "Näringsvärde per 100 Gram\nenergi 1830 Kilojoule\nenergi 438 Kilokalori\nfett 21.5 Gram\nvarav mättat fett 9.6 Gram\nkolhydrat 49.2 Gram\nvarav sockerarter 30.7 Gram\nfiber 6.9 Gram\nprotein 8.5 Gram\nsalt 0.05 Gram",
    "durability": null,
    "recycling": null,
    "detail": "Förvaras svalt och torrt",
    "storage": "Förvaras svalt och torrt",
    "combinedNameWithBrand": "Dark Chocolate Sea Salt Energibar Eat Natural",
    "averageProductLife": 0,
    "minimumDaysBeforeExpire": 31,
    "averageUnitWeight": 46,
    "weight": 46,
    "isMixable": false,
    "idRequired": 0,
    "tagNames": [],
    "featured": false,
    "campaignRank": 2147483647,
    "availableQuantities": [
      {
        "quantity": 10,
        "quantityKey": "dw-14468"
      },
      {
        "quantity": 10,
        "quantityKey": "dw-14480"
      },
      {
        "quantity": 10,
        "quantityKey": "dw-14458"
      },
      {
        "quantity": 10,
        "quantityKey": "dw-14426"
      },
      {
        "quantity": 10,
        "quantityKey": "dw-14408"
      },
      {
        "quantity": 10,
        "quantityKey": "dw-14434"
      },
      {
        "quantity": 10,
        "quantityKey": "dw-14406"
      },
      {
        "quantity": 10,
        "quantityKey": "dw-14390"
      },
      {
        "quantity": 10,
        "quantityKey": "dw-14444"
      },
      {
        "quantity": 10,
        "quantityKey": "dw-14460"
      },
      {
        "quantity": 10,
        "quantityKey": "dw-14428"
      },
      {
        "quantity": 10,
        "quantityKey": "dw-14422"
      },
      {
        "quantity": 10,
        "quantityKey": "dw-14392"
      },
      {
        "quantity": 10,
        "quantityKey": "dw-14466"
      },
      {
        "quantity": 10,
        "quantityKey": "dw-14442"
      },
      {
        "quantity": 10,
        "quantityKey": "dw-14478"
      },
      {
        "quantity": 10,
        "quantityKey": "dw-14474"
      },
      {
        "quantity": 10,
        "quantityKey": "default"
      },
      {
        "quantity": 10,
        "quantityKey": "dw-14436"
      },
      {
        "quantity": 10,
        "quantityKey": "dw-14452"
      },
      {
        "quantity": 10,
        "quantityKey": "dw-14398"
      },
      {
        "quantity": 10,
        "quantityKey": "dw-14416"
      },
      {
        "quantity": 10,
        "quantityKey": "dw-14450"
      },
      {
        "quantity": 10,
        "quantityKey": "dw-14400"
      },
      {
        "quantity": 10,
        "quantityKey": "dw-14414"
      }
    ],
    "emission": 0,
    "allergies": [
      {
        "id": 10,
        "infoSource": null,
        "level": {
          "enumType": "se.mat.mycroft.enums.AllergyLevel",
          "name": "CONTAINS"
        },
        "substanceName": "Nötter"
      },
      {
        "id": 7,
        "infoSource": null,
        "level": {
          "enumType": "se.mat.mycroft.enums.AllergyLevel",
          "name": "TRACES"
        },
        "substanceName": "Mjölk"
      },
      {
        "id": 5,
        "infoSource": null,
        "level": {
          "enumType": "se.mat.mycroft.enums.AllergyLevel",
          "name": "CONTAINS"
        },
        "substanceName": "Jordnötter"
      },
      {
        "id": 13,
        "infoSource": null,
        "level": {
          "enumType": "se.mat.mycroft.enums.AllergyLevel",
          "name": "TRACES"
        },
        "substanceName": "Sesamfrön"
      },
      {
        "id": 6,
        "infoSource": null,
        "level": {
          "enumType": "se.mat.mycroft.enums.AllergyLevel",
          "name": "CONTAINS"
        },
        "substanceName": "Sojabönor"
      },
      {
        "id": 18,
        "infoSource": null,
        "level": {
          "enumType": "se.mat.mycroft.enums.AllergyLevel",
          "name": "CONTAINS"
        },
        "substanceName": "Mandel"
      }
    ],
    "warehouseProductMappingId": null,
    "productRelationship": {
      "canBeReplacedWithProductIds": [],
      "canBeSubstitutedWithProductIds": [],
      "sameContentProductIds": []
    },
    "soldCount": 276,
    "variety": "",
    "isAgreeWithPersonalTerms": null,
    "hasDeclinedPersonalAgreement": null,
    "probability": null,
    "productCountries": [],
    "productVarieties": [],
    "productBanner": null,
    "isShowOnTopProduct": false,
    "primaryCategoryNamePath": "Mat.se Göteborg/Apoteksvaror/Vitaminer, Hälso- & Kosttillskott/Bars"
  },
  {
    "id": 128368,
    "dateCreated": "Thu Sep 09 10:38:37 CEST 2021",
    "name": "Apple & Cinnamon Energibar",
    "showPrice": "21,95  kr",
    "friendlyUrl": "apple-cinnamon-energibar-moonvalley-50g",
    "formattedName": "Apple & Cinnamon Energibar",
    "ean": "7350102860013",
    "countryOfOrigin": "SE",
    "translatedCountryName": "Sverige",
    "labelTags": [
      {
        "id": 17,
        "name": "EU-logotype för ekologiska produkter",
        "tag": "eu_eko"
      }
    ],
    "hasImage": true,
    "imageUrl": "https://d1hr6nb56yyl1.cloudfront.net/product-images/128368-150.jpg",
    "brand": {
      "id": 13239,
      "name": "Moonvalley"
    },
    "categories": [
      {
        "id": 11474,
        "name": "Bars"
      },
      {
        "id": 4336,
        "name": "Bars"
      }
    ],
    "displayBrand": "Moonvalley",
    "favouriteCount": 12,
    "active": true,
    "inStockQuantity": 13,
    "orderable": true,
    "price": 21.95000076293945,
    "priceWithoutVat": 19.59821496691023,
    "recommendedRetailPrice": null,
    "readableComparisonPrice": "439 kr/kg",
    "discount": null,
    "discountedPrice": 0,
    "size": "50G",
    "weightProduct": false,
    "vat": 12,
    "content": "Ekologisk dadelmass (36,62), ekologisk rissirap, ekologiska HAVREGRYN (16,37%), ekologiskt frystorkat äpple (6,89%), ekologiskt ärtprotein, ekologiska kokosflingor, ekologiskt kakaosmör, ekologisk kanel (0,56%), salt.",
    "nutrition": "Näringsvärde per 100 Gram\nenergi 1601 Kilojoule\nenergi 383 Kilokalori\nfett 12 Gram\nvarav mättat fett 8.1 Gram\nkolhydrat 56 Gram\nvarav sockerarter 41 Gram\nfiber 11 Gram\nprotein 8.8 Gram\nsalt 0.58 Gram",
    "durability": null,
    "recycling": null,
    "detail": null,
    "storage": "Förvaras vid högst 24 °C",
    "combinedNameWithBrand": "Apple & Cinnamon Energibar Moonvalley",
    "averageProductLife": 0,
    "minimumDaysBeforeExpire": 31,
    "averageUnitWeight": 53,
    "weight": 53,
    "isMixable": false,
    "idRequired": 0,
    "tagNames": [],
    "featured": false,
    "campaignRank": 2147483647,
    "availableQuantities": [
      {
        "quantity": 13,
        "quantityKey": "dw-14390"
      },
      {
        "quantity": 13,
        "quantityKey": "dw-14460"
      },
      {
        "quantity": 13,
        "quantityKey": "dw-14468"
      },
      {
        "quantity": 13,
        "quantityKey": "dw-14392"
      },
      {
        "quantity": 13,
        "quantityKey": "dw-14466"
      },
      {
        "quantity": 13,
        "quantityKey": "dw-14444"
      },
      {
        "quantity": 13,
        "quantityKey": "dw-14452"
      },
      {
        "quantity": 13,
        "quantityKey": "dw-14436"
      },
      {
        "quantity": 13,
        "quantityKey": "dw-14400"
      },
      {
        "quantity": 13,
        "quantityKey": "dw-14414"
      },
      {
        "quantity": 13,
        "quantityKey": "dw-14406"
      },
      {
        "quantity": 13,
        "quantityKey": "dw-14416"
      },
      {
        "quantity": 13,
        "quantityKey": "dw-14458"
      },
      {
        "quantity": 13,
        "quantityKey": "dw-14434"
      },
      {
        "quantity": 13,
        "quantityKey": "dw-14398"
      },
      {
        "quantity": 13,
        "quantityKey": "dw-14408"
      },
      {
        "quantity": 13,
        "quantityKey": "dw-14428"
      },
      {
        "quantity": 13,
        "quantityKey": "dw-14474"
      },
      {
        "quantity": 13,
        "quantityKey": "dw-14442"
      },
      {
        "quantity": 13,
        "quantityKey": "default"
      },
      {
        "quantity": 13,
        "quantityKey": "dw-14422"
      },
      {
        "quantity": 13,
        "quantityKey": "dw-14450"
      },
      {
        "quantity": 13,
        "quantityKey": "dw-14426"
      }
    ],
    "emission": 0,
    "allergies": [
      {
        "id": 6,
        "infoSource": null,
        "level": {
          "enumType": "se.mat.mycroft.enums.AllergyLevel",
          "name": "TRACES"
        },
        "substanceName": "Sojabönor"
      },
      {
        "id": 3,
        "infoSource": null,
        "level": {
          "enumType": "se.mat.mycroft.enums.AllergyLevel",
          "name": "TRACES"
        },
        "substanceName": "Ägg"
      },
      {
        "id": 7,
        "infoSource": null,
        "level": {
          "enumType": "se.mat.mycroft.enums.AllergyLevel",
          "name": "TRACES"
        },
        "substanceName": "Mjölk"
      },
      {
        "id": 1,
        "infoSource": null,
        "level": {
          "enumType": "se.mat.mycroft.enums.AllergyLevel",
          "name": "CONTAINS"
        },
        "substanceName": "Gluten"
      }
    ],
    "warehouseProductMappingId": null,
    "productRelationship": {
      "canBeReplacedWithProductIds": [],
      "canBeSubstitutedWithProductIds": [],
      "sameContentProductIds": []
    },
    "soldCount": 56,
    "variety": "",
    "isAgreeWithPersonalTerms": null,
    "hasDeclinedPersonalAgreement": null,
    "probability": null,
    "productCountries": [],
    "productVarieties": [],
    "productBanner": null,
    "isShowOnTopProduct": false,
    "primaryCategoryNamePath": "Mat.se Göteborg/Hälsa & Träning/Bars"
  },
  {
    "id": 94167,
    "dateCreated": "Wed Nov 08 11:04:11 CET 2017",
    "name": "Cashew & Blueberry",
    "showPrice": "16,95  kr",
    "friendlyUrl": "cashew-blueberry-eat-natural-45g",
    "formattedName": "Cashew & Blueberry",
    "ean": "96019955",
    "countryOfOrigin": "SE",
    "translatedCountryName": "Sverige",
    "labelTags": [],
    "hasImage": true,
    "imageUrl": "https://d1hr6nb56yyl1.cloudfront.net/product-images/94167-150.jpg",
    "brand": {
      "id": 5586,
      "name": "Eat Natural"
    },
    "categories": [
      {
        "id": 4336,
        "name": "Bars"
      },
      {
        "id": 11474,
        "name": "Bars"
      }
    ],
    "displayBrand": "Eat Natural",
    "favouriteCount": 108,
    "active": true,
    "inStockQuantity": 19,
    "orderable": true,
    "price": 16.95000076293945,
    "priceWithoutVat": 15.13392925262451,
    "recommendedRetailPrice": null,
    "readableComparisonPrice": "376,67 kr/kg",
    "discount": null,
    "discountedPrice": 0,
    "size": "45g",
    "weightProduct": false,
    "vat": 12,
    "content": "Yoghurtöverdrag 32% (palmkärneolja, socker, VASSLE (MJÖLK), torkad YOGHURT (MJÖLK), emulgeringsmedel; solroslecitin), riven kokos 13%, puffat ris (ris, socker), stärkelsesirap,  CASHEWNÖT 7%, russin 7%, MANDEL 5%, torkad aprikos 5%, honung, torkad tranbär 4% (tranbär, socker, solrosolja), torkad blåbär 2% (blåbär, socker, solrosolja).",
    "nutrition": "Näringsvärde per 100 gram\nEnergi 2015/482 kilojoule/kilokalori\nFett 25.90 gram\nvarav mättat fett 18.20 gram\nKolhydrat 40.30 gram\nvarav sockerarter 22 gram\nFiber 3.90 gram\nProtein 6.30 gram\nSalt 0.03 gram",
    "durability": null,
    "recycling": null,
    "detail": null,
    "storage": "Förvaras vid högst +25°C",
    "combinedNameWithBrand": "Cashew & Blueberry Eat Natural",
    "averageProductLife": 0,
    "minimumDaysBeforeExpire": 31,
    "averageUnitWeight": 0,
    "weight": 46,
    "isMixable": false,
    "idRequired": 0,
    "tagNames": [],
    "featured": false,
    "campaignRank": 244,
    "availableQuantities": [
      {
        "quantity": 19,
        "quantityKey": "dw-14442"
      },
      {
        "quantity": 19,
        "quantityKey": "dw-14436"
      },
      {
        "quantity": 5,
        "quantityKey": "dw-14390"
      },
      {
        "quantity": 19,
        "quantityKey": "dw-14392"
      },
      {
        "quantity": 19,
        "quantityKey": "dw-14434"
      },
      {
        "quantity": 19,
        "quantityKey": "dw-14478"
      },
      {
        "quantity": 19,
        "quantityKey": "dw-14452"
      },
      {
        "quantity": 19,
        "quantityKey": "dw-14460"
      },
      {
        "quantity": 19,
        "quantityKey": "dw-14406"
      },
      {
        "quantity": 19,
        "quantityKey": "dw-14428"
      },
      {
        "quantity": 19,
        "quantityKey": "dw-14398"
      },
      {
        "quantity": 19,
        "quantityKey": "dw-14468"
      },
      {
        "quantity": 19,
        "quantityKey": "dw-14426"
      },
      {
        "quantity": 19,
        "quantityKey": "dw-14444"
      },
      {
        "quantity": 19,
        "quantityKey": "dw-14480"
      },
      {
        "quantity": 19,
        "quantityKey": "dw-14450"
      },
      {
        "quantity": 19,
        "quantityKey": "dw-14466"
      },
      {
        "quantity": 19,
        "quantityKey": "dw-14474"
      },
      {
        "quantity": 19,
        "quantityKey": "dw-14416"
      },
      {
        "quantity": 19,
        "quantityKey": "dw-14400"
      },
      {
        "quantity": 19,
        "quantityKey": "dw-14422"
      },
      {
        "quantity": 19,
        "quantityKey": "dw-14414"
      },
      {
        "quantity": 19,
        "quantityKey": "dw-14408"
      },
      {
        "quantity": 19,
        "quantityKey": "dw-14458"
      },
      {
        "quantity": 19,
        "quantityKey": "default"
      }
    ],
    "emission": 0,
    "allergies": [
      {
        "id": 5,
        "infoSource": null,
        "level": {
          "enumType": "se.mat.mycroft.enums.AllergyLevel",
          "name": "TRACES"
        },
        "substanceName": "Jordnötter"
      },
      {
        "id": 21,
        "infoSource": null,
        "level": {
          "enumType": "se.mat.mycroft.enums.AllergyLevel",
          "name": "CONTAINS"
        },
        "substanceName": "Cashewnöt"
      },
      {
        "id": 18,
        "infoSource": null,
        "level": {
          "enumType": "se.mat.mycroft.enums.AllergyLevel",
          "name": "CONTAINS"
        },
        "substanceName": "Mandel"
      },
      {
        "id": 7,
        "infoSource": null,
        "level": {
          "enumType": "se.mat.mycroft.enums.AllergyLevel",
          "name": "CONTAINS"
        },
        "substanceName": "Mjölk"
      },
      {
        "id": 6,
        "infoSource": null,
        "level": {
          "enumType": "se.mat.mycroft.enums.AllergyLevel",
          "name": "TRACES"
        },
        "substanceName": "Sojabönor"
      },
      {
        "id": 13,
        "infoSource": null,
        "level": {
          "enumType": "se.mat.mycroft.enums.AllergyLevel",
          "name": "TRACES"
        },
        "substanceName": "Sesamfrön"
      }
    ],
    "warehouseProductMappingId": null,
    "productRelationship": {
      "canBeReplacedWithProductIds": [],
      "canBeSubstitutedWithProductIds": [],
      "sameContentProductIds": []
    },
    "soldCount": 531,
    "variety": "",
    "isAgreeWithPersonalTerms": null,
    "hasDeclinedPersonalAgreement": null,
    "probability": null,
    "productCountries": [],
    "productVarieties": [],
    "productBanner": null,
    "isShowOnTopProduct": false,
    "primaryCategoryNamePath": "Mat.se Göteborg/Apoteksvaror/Vitaminer, Hälso- & Kosttillskott/Bars"
  },
  {
    "id": 121764,
    "dateCreated": "Fri Jan 15 09:43:05 CET 2021",
    "name": "Swedish Chocolate Ball EKO",
    "showPrice": "19,95  kr",
    "friendlyUrl": "swedish-chocolate-ball-eko-dig-25g",
    "formattedName": "Swedish Chocolate Ball Eko",
    "ean": "7350066440559",
    "countryOfOrigin": "CZ",
    "translatedCountryName": "Tjeckiska republiken",
    "labelTags": [
      {
        "id": 17,
        "name": "EU-logotype för ekologiska produkter",
        "tag": "eu_eko"
      }
    ],
    "hasImage": true,
    "imageUrl": "https://d1hr6nb56yyl1.cloudfront.net/product-images/121764-150.jpg",
    "brand": {
      "id": 12899,
      "name": "Dig"
    },
    "categories": [
      {
        "id": 11474,
        "name": "Bars"
      },
      {
        "id": 4336,
        "name": "Bars"
      }
    ],
    "displayBrand": "Dig",
    "favouriteCount": 60,
    "active": true,
    "inStockQuantity": 18,
    "orderable": true,
    "price": 19.95,
    "priceWithoutVat": 17.8125,
    "recommendedRetailPrice": null,
    "readableComparisonPrice": "798 kr/kg",
    "discount": null,
    "discountedPrice": 0,
    "size": "25G",
    "weightProduct": false,
    "vat": 12,
    "content": "Glutenfri HAVRE*, kokosnektar*, kakaosmör*, kakaopulver* 10%, solrosolja*, kokos*, kaffe*, havssalt. *Ekologisk/Økologisk. KAN INNEHÅLLA SPÅR AV NÖTTER, SESAM OCH NÖTSKAL.",
    "nutrition": "Näringsvärde per 100 Gram\nenergi 2006 Kilojoule\nenergi 481 Kilokalori\nfett 33 Gram\nvarav mättat fett 16 Gram\nkolhydrat 35 Gram\nvarav sockerarter 16 Gram\nfiber 6 Gram\nprotein 7 Gram\nsalt 0.6 Gram",
    "durability": null,
    "recycling": null,
    "detail": "Swedish Chocolate Ball är gjord på åtta enkla ingredienser, bland annat kakao, kokos, kaffe och sötad med kokosnektar. Perfekt till fikat. Ekologiskt, veganskt och garanterat junk-free!\n\nÖppnad förpackning bör konsumeras inom 3-5 dagar\n\nFörvaras torrt och svalt",
    "storage": "Förvaras torrt och svalt",
    "combinedNameWithBrand": "Swedish Chocolate Ball Eko Dig",
    "averageProductLife": 0,
    "minimumDaysBeforeExpire": 31,
    "averageUnitWeight": 27,
    "weight": 27,
    "isMixable": false,
    "idRequired": 0,
    "tagNames": [],
    "featured": false,
    "campaignRank": 2147483647,
    "availableQuantities": [
      {
        "quantity": 18,
        "quantityKey": "dw-14466"
      },
      {
        "quantity": 2,
        "quantityKey": "dw-14392"
      },
      {
        "quantity": 18,
        "quantityKey": "dw-14414"
      },
      {
        "quantity": 18,
        "quantityKey": "dw-14426"
      },
      {
        "quantity": 18,
        "quantityKey": "dw-14458"
      },
      {
        "quantity": 18,
        "quantityKey": "dw-14478"
      },
      {
        "quantity": 18,
        "quantityKey": "dw-14422"
      },
      {
        "quantity": 18,
        "quantityKey": "dw-14450"
      },
      {
        "quantity": 18,
        "quantityKey": "dw-14408"
      },
      {
        "quantity": 18,
        "quantityKey": "dw-14480"
      },
      {
        "quantity": 2,
        "quantityKey": "dw-14398"
      },
      {
        "quantity": 18,
        "quantityKey": "dw-14444"
      },
      {
        "quantity": 18,
        "quantityKey": "dw-14468"
      },
      {
        "quantity": 18,
        "quantityKey": "dw-14474"
      },
      {
        "quantity": 18,
        "quantityKey": "dw-14460"
      },
      {
        "quantity": 18,
        "quantityKey": "dw-14428"
      },
      {
        "quantity": 18,
        "quantityKey": "dw-14442"
      },
      {
        "quantity": 2,
        "quantityKey": "dw-14406"
      },
      {
        "quantity": 18,
        "quantityKey": "dw-14434"
      },
      {
        "quantity": 18,
        "quantityKey": "default"
      },
      {
        "quantity": 2,
        "quantityKey": "dw-14400"
      },
      {
        "quantity": 18,
        "quantityKey": "dw-14436"
      },
      {
        "quantity": 18,
        "quantityKey": "dw-14416"
      },
      {
        "quantity": 18,
        "quantityKey": "dw-14452"
      },
      {
        "quantity": 2,
        "quantityKey": "dw-14390"
      }
    ],
    "emission": 0,
    "allergies": [
      {
        "id": 10,
        "infoSource": null,
        "level": {
          "enumType": "se.mat.mycroft.enums.AllergyLevel",
          "name": "TRACES"
        },
        "substanceName": "Nötter"
      },
      {
        "id": 13,
        "infoSource": null,
        "level": {
          "enumType": "se.mat.mycroft.enums.AllergyLevel",
          "name": "TRACES"
        },
        "substanceName": "Sesamfrön"
      }
    ],
    "warehouseProductMappingId": null,
    "productRelationship": {
      "canBeReplacedWithProductIds": [],
      "canBeSubstitutedWithProductIds": [],
      "sameContentProductIds": []
    },
    "soldCount": 251,
    "variety": "",
    "isAgreeWithPersonalTerms": null,
    "hasDeclinedPersonalAgreement": null,
    "probability": null,
    "productCountries": [],
    "productVarieties": [],
    "productBanner": null,
    "isShowOnTopProduct": false,
    "primaryCategoryNamePath": "Mat.se Göteborg/Hälsa & Träning/Bars"
  },
  {
    "id": 104528,
    "dateCreated": "Mon Apr 15 09:18:32 CEST 2019",
    "name": "Protein Bar Toffee",
    "showPrice": "21,50  kr",
    "friendlyUrl": "protein-bar-toffee-gainomax-60g",
    "formattedName": "Protein Bar Toffee",
    "ean": "7310861040842",
    "countryOfOrigin": "NL",
    "translatedCountryName": "Nederländerna",
    "labelTags": [],
    "hasImage": true,
    "imageUrl": "https://d1hr6nb56yyl1.cloudfront.net/product-images/104528-150.jpg",
    "brand": {
      "id": 937,
      "name": "Gainomax"
    },
    "categories": [
      {
        "id": 11474,
        "name": "Bars"
      },
      {
        "id": 4336,
        "name": "Bars"
      }
    ],
    "displayBrand": "Gainomax",
    "favouriteCount": 65,
    "active": true,
    "inStockQuantity": 18,
    "orderable": true,
    "price": 21.5,
    "priceWithoutVat": 19.1964285714,
    "recommendedRetailPrice": null,
    "readableComparisonPrice": "358,33 kr/kg",
    "discount": null,
    "discountedPrice": 0,
    "size": "60G",
    "weightProduct": false,
    "vat": 12,
    "content": "Choklad (22 %) (socker, kakaomassa, kakaosmör, emulgeringsmedel SOJALECITIN), MJÖLKPROTEIN, proteinkräm med smak av vanilj (glukossirap, socker, kakaosmör, MJÖLKPROTEIN, HELMJÖLKSPULVER, SOJAOLJA, emulgeringsmedel SOJALECITIN, aromer), hydrolyserat VETEGLUTEN, glukossirap, socker, fuktighetsbevarande medel glycerol, SOJAOLJA, isomaltulos*, fettreducerad kakao, karamell (0,7%) (HELMJÖLKSPULVER, glukossirap, socker), aromer, emulgeringsmedel SOJALECITIN.*isomaltulos är en källa till glukos och fruktos. Kan innehålla spår av VALNÖT, PEKANNÖT, MANDEL, CASHEWNÖT, HASSELNÖT, MACADAMIANÖT, PARANÖT, PISTAGENÖT, JORDNÖT, SESAMFRÖ och ÄGG.",
    "nutrition": "Näringsvärde per 100 Gram\nenergi 1700 Kilojoule\nenergi 400 Kilokalori\nfett 14 Gram\nvarav mättat fett 7 Gram\nkolhydrat 42 Gram\nvarav sockerarter 31 Gram\nprotein 28 Gram\nsalt 0.3 Gram",
    "durability": null,
    "recycling": null,
    "detail": "Proteinbar med 17-19 gram protein och ca 20 gram kolhydrat.   Passar bra efter träning eller som mellanmål.  För dig som har en aktiv livsstil och vill hålla kroppen i form.\n\nHållbarhet och smak garanteras fram till Bäst före datum.  Perfekt både före och efter träning. Mellanmål på språng eller som återhämtning efter träningspass. Proteinbar med 17-20 (28-30%) gram protein och ca 20 gram kolhydrat, bra som mellanmål eller för återhämtning.\n\nFörvaras vid rumstemperatur. Undvik solljus och hög luftfuktighet.",
    "storage": "Förvaras vid rumstemperatur. Undvik solljus och hög luftfuktighet.",
    "combinedNameWithBrand": "Protein Bar Toffee Gainomax",
    "averageProductLife": 0,
    "minimumDaysBeforeExpire": 31,
    "averageUnitWeight": 61,
    "weight": 61,
    "isMixable": false,
    "idRequired": 0,
    "tagNames": [],
    "featured": false,
    "campaignRank": 2147483647,
    "availableQuantities": [
      {
        "quantity": 18,
        "quantityKey": "dw-14444"
      },
      {
        "quantity": 18,
        "quantityKey": "dw-14406"
      },
      {
        "quantity": 18,
        "quantityKey": "default"
      },
      {
        "quantity": 18,
        "quantityKey": "dw-14422"
      },
      {
        "quantity": 18,
        "quantityKey": "dw-14428"
      },
      {
        "quantity": 18,
        "quantityKey": "dw-14408"
      },
      {
        "quantity": 18,
        "quantityKey": "dw-14468"
      },
      {
        "quantity": 18,
        "quantityKey": "dw-14450"
      },
      {
        "quantity": 18,
        "quantityKey": "dw-14474"
      },
      {
        "quantity": 18,
        "quantityKey": "dw-14392"
      },
      {
        "quantity": 18,
        "quantityKey": "dw-14398"
      },
      {
        "quantity": 18,
        "quantityKey": "dw-14458"
      },
      {
        "quantity": 18,
        "quantityKey": "dw-14414"
      },
      {
        "quantity": 18,
        "quantityKey": "dw-14466"
      },
      {
        "quantity": 18,
        "quantityKey": "dw-14460"
      },
      {
        "quantity": 18,
        "quantityKey": "dw-14426"
      },
      {
        "quantity": 18,
        "quantityKey": "dw-14400"
      },
      {
        "quantity": 18,
        "quantityKey": "dw-14390"
      },
      {
        "quantity": 18,
        "quantityKey": "dw-14442"
      },
      {
        "quantity": 18,
        "quantityKey": "dw-14452"
      },
      {
        "quantity": 18,
        "quantityKey": "dw-14436"
      },
      {
        "quantity": 18,
        "quantityKey": "dw-14416"
      },
      {
        "quantity": 18,
        "quantityKey": "dw-14434"
      }
    ],
    "emission": 0,
    "allergies": [
      {
        "id": 13,
        "infoSource": null,
        "level": {
          "enumType": "se.mat.mycroft.enums.AllergyLevel",
          "name": "TRACES"
        },
        "substanceName": "Sesamfrön"
      },
      {
        "id": 6,
        "infoSource": null,
        "level": {
          "enumType": "se.mat.mycroft.enums.AllergyLevel",
          "name": "CONTAINS"
        },
        "substanceName": "Sojabönor"
      },
      {
        "id": 1,
        "infoSource": null,
        "level": {
          "enumType": "se.mat.mycroft.enums.AllergyLevel",
          "name": "CONTAINS"
        },
        "substanceName": "Gluten"
      },
      {
        "id": 10,
        "infoSource": null,
        "level": {
          "enumType": "se.mat.mycroft.enums.AllergyLevel",
          "name": "TRACES"
        },
        "substanceName": "Nötter"
      },
      {
        "id": 7,
        "infoSource": null,
        "level": {
          "enumType": "se.mat.mycroft.enums.AllergyLevel",
          "name": "CONTAINS"
        },
        "substanceName": "Mjölk"
      },
      {
        "id": 5,
        "infoSource": null,
        "level": {
          "enumType": "se.mat.mycroft.enums.AllergyLevel",
          "name": "TRACES"
        },
        "substanceName": "Jordnötter"
      },
      {
        "id": 3,
        "infoSource": null,
        "level": {
          "enumType": "se.mat.mycroft.enums.AllergyLevel",
          "name": "TRACES"
        },
        "substanceName": "Ägg"
      }
    ],
    "warehouseProductMappingId": null,
    "productRelationship": {
      "canBeReplacedWithProductIds": [],
      "canBeSubstitutedWithProductIds": [],
      "sameContentProductIds": []
    },
    "soldCount": 442,
    "variety": "",
    "isAgreeWithPersonalTerms": null,
    "hasDeclinedPersonalAgreement": null,
    "probability": null,
    "productCountries": [],
    "productVarieties": [],
    "productBanner": null,
    "isShowOnTopProduct": false,
    "primaryCategoryNamePath": "Mat.se Göteborg/Hälsa & Träning/Bars"
  },
  {
    "id": 125124,
    "dateCreated": "Fri Apr 09 09:25:15 CEST 2021",
    "name": "Almond Sea Salt Bar",
    "showPrice": "19,95  kr",
    "friendlyUrl": "almond-sea-salt-bar-be-kind-40g",
    "formattedName": "Almond Sea Salt Bar",
    "ean": "602652257780",
    "countryOfOrigin": "US",
    "translatedCountryName": "Amerikas Förenta Stater",
    "labelTags": [],
    "hasImage": true,
    "imageUrl": "https://d1hr6nb56yyl1.cloudfront.net/product-images/125124-150.jpg",
    "brand": {
      "id": 5308,
      "name": "BE-KIND"
    },
    "categories": [
      {
        "id": 11474,
        "name": "Bars"
      },
      {
        "id": 4336,
        "name": "Bars"
      }
    ],
    "displayBrand": "BE-KIND",
    "favouriteCount": 62,
    "active": true,
    "inStockQuantity": 15,
    "orderable": true,
    "price": 19.95,
    "priceWithoutVat": 17.8125,
    "recommendedRetailPrice": null,
    "readableComparisonPrice": "498,75 kr/kg",
    "discount": null,
    "discountedPrice": 0,
    "size": "40G",
    "weightProduct": false,
    "vat": 12,
    "content": "MANDLAR/MANDLER (64%), karamell (16%) (cikoriarot/sikorirot fiber, palmkärnolja/palmekjerneolje, socker/sukker, fettfritt MJÖLKPULVER/MELKEPULVER/MÆLKEPULVER, johannesbrödpulver, salt, naturlig arom/a, emulgeringsmedel (SOJALECITIN/SOYALECITIN), färg/farge/farvestof (annatto)), cikoriarot/sikorirot fiber, honung/honning, glukossirap/glukosesirup, rismjöl/-mel, havssalt (1%), emulgeringsmedel (SOJALECITIN/SOYALECITIN), socker/sukker. KAN INNEHÅLLA/INNEHOLDE/INDEHOLDE SPÅR/SPOR AV NÖTTER/NØTTER/NØDDER, JORDNÖTTER/PEANØTTER/JORDNØDDER, SESAMFRÖN/SESAMFRØ OCH/OG BITAR AV NÖTSKAL/NØTTESKALL/STYKKE AF NØDDESKAL",
    "nutrition": "Näringsvärde per 100 Gram\nenergi 2093 Kilojoule\nenergi 500 Kilokalori\nfett 39 Gram\nvarav mättat fett 7 Gram\nkolhydrat 39 Gram\nvarav sockerarter 13 Gram\nfiber 18 Gram\nprotein 14 Gram\nsalt 0.78 Gram",
    "durability": null,
    "recycling": null,
    "detail": "En härlig blandning av söt kola och havssalt, ringlad över krispiga mandlar\n? 64% nötter\n? glutenfri\n? naturliga ingredienser\n? högt fiberinnehåll\n? plantbaserat protein\"\n\nÄt snarast efter öppning. Förvara inte produkten stående. Ett perfekt mellanmålssnack eller skuldfri njutning.",
    "storage": "Förvaras kyligt och torrt",
    "combinedNameWithBrand": "Almond Sea Salt Bar Be-kind",
    "averageProductLife": 0,
    "minimumDaysBeforeExpire": 31,
    "averageUnitWeight": 41,
    "weight": 41,
    "isMixable": false,
    "idRequired": 0,
    "tagNames": [
      "Nöt",
      "nötbar",
      "Glutenfri",
      "Choklad",
      "godis",
      "snack"
    ],
    "featured": false,
    "campaignRank": 479,
    "availableQuantities": [
      {
        "quantity": 15,
        "quantityKey": "dw-14434"
      },
      {
        "quantity": 15,
        "quantityKey": "dw-14392"
      },
      {
        "quantity": 3,
        "quantityKey": "dw-14390"
      },
      {
        "quantity": 15,
        "quantityKey": "dw-14450"
      },
      {
        "quantity": 15,
        "quantityKey": "dw-14478"
      },
      {
        "quantity": 15,
        "quantityKey": "dw-14460"
      },
      {
        "quantity": 15,
        "quantityKey": "dw-14444"
      },
      {
        "quantity": 15,
        "quantityKey": "dw-14436"
      },
      {
        "quantity": 15,
        "quantityKey": "dw-14400"
      },
      {
        "quantity": 15,
        "quantityKey": "dw-14452"
      },
      {
        "quantity": 15,
        "quantityKey": "dw-14428"
      },
      {
        "quantity": 15,
        "quantityKey": "dw-14474"
      },
      {
        "quantity": 15,
        "quantityKey": "dw-14426"
      },
      {
        "quantity": 15,
        "quantityKey": "dw-14408"
      },
      {
        "quantity": 15,
        "quantityKey": "dw-14458"
      },
      {
        "quantity": 15,
        "quantityKey": "dw-14422"
      },
      {
        "quantity": 15,
        "quantityKey": "dw-14466"
      },
      {
        "quantity": 15,
        "quantityKey": "dw-14480"
      },
      {
        "quantity": 15,
        "quantityKey": "default"
      },
      {
        "quantity": 15,
        "quantityKey": "dw-14398"
      },
      {
        "quantity": 15,
        "quantityKey": "dw-14406"
      },
      {
        "quantity": 15,
        "quantityKey": "dw-14414"
      },
      {
        "quantity": 15,
        "quantityKey": "dw-14442"
      },
      {
        "quantity": 15,
        "quantityKey": "dw-14416"
      },
      {
        "quantity": 15,
        "quantityKey": "dw-14468"
      }
    ],
    "emission": 0,
    "allergies": [
      {
        "id": 5,
        "infoSource": null,
        "level": {
          "enumType": "se.mat.mycroft.enums.AllergyLevel",
          "name": "TRACES"
        },
        "substanceName": "Jordnötter"
      },
      {
        "id": 10,
        "infoSource": null,
        "level": {
          "enumType": "se.mat.mycroft.enums.AllergyLevel",
          "name": "CONTAINS"
        },
        "substanceName": "Nötter"
      },
      {
        "id": 6,
        "infoSource": null,
        "level": {
          "enumType": "se.mat.mycroft.enums.AllergyLevel",
          "name": "CONTAINS"
        },
        "substanceName": "Sojabönor"
      },
      {
        "id": 13,
        "infoSource": null,
        "level": {
          "enumType": "se.mat.mycroft.enums.AllergyLevel",
          "name": "TRACES"
        },
        "substanceName": "Sesamfrön"
      },
      {
        "id": 7,
        "infoSource": null,
        "level": {
          "enumType": "se.mat.mycroft.enums.AllergyLevel",
          "name": "CONTAINS"
        },
        "substanceName": "Mjölk"
      },
      {
        "id": 18,
        "infoSource": null,
        "level": {
          "enumType": "se.mat.mycroft.enums.AllergyLevel",
          "name": "CONTAINS"
        },
        "substanceName": "Mandel"
      }
    ],
    "warehouseProductMappingId": null,
    "productRelationship": {
      "canBeReplacedWithProductIds": [],
      "canBeSubstitutedWithProductIds": [],
      "sameContentProductIds": []
    },
    "soldCount": 262,
    "variety": "",
    "isAgreeWithPersonalTerms": null,
    "hasDeclinedPersonalAgreement": null,
    "probability": null,
    "productCountries": [],
    "productVarieties": [],
    "productBanner": null,
    "isShowOnTopProduct": false,
    "primaryCategoryNamePath": "Mat.se Göteborg/Hälsa & Träning/Bars"
  },
  {
    "id": 125730,
    "dateCreated": "Tue May 04 09:33:34 CEST 2021",
    "name": "Proteinshake Karamell-kaffe",
    "showPrice": "19,95  kr",
    "friendlyUrl": "proteinshake-karamell-kaffe-alpro-250ml",
    "formattedName": "Proteinshake Karamell-kaffe",
    "ean": "5411188133490",
    "countryOfOrigin": "BE",
    "translatedCountryName": "Belgien",
    "labelTags": [
      {
        "id": 14,
        "name": "Särnär fri från gluten",
        "tag": "fri_gluten"
      },
      {
        "id": 15,
        "name": "Särnär fri från laktos",
        "tag": "fri_laktos"
      }
    ],
    "hasImage": true,
    "imageUrl": "https://d1hr6nb56yyl1.cloudfront.net/product-images/125730-150.jpg",
    "brand": {
      "id": 1031,
      "name": "ALPRO"
    },
    "categories": [
      {
        "id": 9938,
        "name": "Soja"
      },
      {
        "id": 10262,
        "name": "Milkshake"
      },
      {
        "id": 11478,
        "name": "Proteindryck"
      },
      {
        "id": 9230,
        "name": "Proteintillskott"
      }
    ],
    "displayBrand": "ALPRO",
    "favouriteCount": 61,
    "active": true,
    "inStockQuantity": 24,
    "orderable": true,
    "price": 19.95,
    "priceWithoutVat": 17.8125,
    "recommendedRetailPrice": null,
    "readableComparisonPrice": "79,80 kr/l",
    "discount": null,
    "discountedPrice": 0,
    "size": "250ml",
    "weightProduct": false,
    "vat": 12,
    "content": "SOJABAS (vatten/vann/vand, skalade/afskallede SOJABÖNOR/SOYABØNNER (12,2%)), karamelliserat socker (5%), ärt/ert/ærteprotein, kaffeextrakt (0,2%), socker, havssalt, kalciumkarbonat, stabiliseringsmedel/middel (gellangummi), surhetsreglerande medel/ middel (kaliumfosfater), aromer, vitaminer (B2, B12, D2)",
    "nutrition": "Näringsvärde per 100 millilitrer\nEnergi 71/299 kilokalori/kilojoule\nFett 2.8 gram\nvarav mättat fett 0.5 gram\nKolhydrat 5.1 gram\nvarav sockerarter 4.9 gram\nFiber 1.0 gram\nProtein 6.0 gram\nSalt 0.15 gram\nKalcium 120 milligram 15% av RDI\nVitamin B12 0.38 mikrogram 15% av RDI\nVitamin D 0.75 mikrogram 15% av RDI\nRiboflavin 0.21 milligram 15% av RDI",
    "durability": null,
    "recycling": null,
    "detail": "Växtbaserad proteinshake från Alpro. Även en källa till kalcium och vitaminer. Helt fri från konstgjorda färger och konserveringsmedel.",
    "storage": "Förvaras vid högst +7°C",
    "combinedNameWithBrand": "Proteinshake Karamell-kaffe Alpro",
    "averageProductLife": 193.7,
    "minimumDaysBeforeExpire": 31,
    "averageUnitWeight": 0,
    "weight": 261,
    "isMixable": false,
    "idRequired": 0,
    "tagNames": [
      "shake.protein.växtbaserad.protein.växtbaserad.shake.\r\nväxtbaserad",
      "Protein",
      "shake.plantbaserad",
      "protein.karamell",
      "kaffe."
    ],
    "featured": false,
    "campaignRank": 2147483647,
    "availableQuantities": [
      {
        "quantity": 24,
        "quantityKey": "dw-14436"
      },
      {
        "quantity": 24,
        "quantityKey": "dw-14452"
      },
      {
        "quantity": 24,
        "quantityKey": "dw-14398"
      },
      {
        "quantity": 24,
        "quantityKey": "dw-14458"
      },
      {
        "quantity": 24,
        "quantityKey": "dw-14400"
      },
      {
        "quantity": 24,
        "quantityKey": "dw-14406"
      },
      {
        "quantity": 24,
        "quantityKey": "dw-14408"
      },
      {
        "quantity": 24,
        "quantityKey": "dw-14444"
      },
      {
        "quantity": 24,
        "quantityKey": "dw-14390"
      },
      {
        "quantity": 24,
        "quantityKey": "dw-14474"
      },
      {
        "quantity": 24,
        "quantityKey": "dw-14460"
      },
      {
        "quantity": 24,
        "quantityKey": "dw-14392"
      },
      {
        "quantity": 24,
        "quantityKey": "dw-14422"
      },
      {
        "quantity": 24,
        "quantityKey": "dw-14466"
      },
      {
        "quantity": 24,
        "quantityKey": "default"
      },
      {
        "quantity": 24,
        "quantityKey": "dw-14426"
      },
      {
        "quantity": 24,
        "quantityKey": "dw-14428"
      },
      {
        "quantity": 24,
        "quantityKey": "dw-14416"
      },
      {
        "quantity": 24,
        "quantityKey": "dw-14468"
      },
      {
        "quantity": 24,
        "quantityKey": "dw-14442"
      },
      {
        "quantity": 24,
        "quantityKey": "dw-14434"
      },
      {
        "quantity": 24,
        "quantityKey": "dw-14414"
      },
      {
        "quantity": 24,
        "quantityKey": "dw-14450"
      }
    ],
    "emission": 0,
    "allergies": [
      {
        "id": 6,
        "infoSource": null,
        "level": {
          "enumType": "se.mat.mycroft.enums.AllergyLevel",
          "name": "CONTAINS"
        },
        "substanceName": "Sojabönor"
      }
    ],
    "warehouseProductMappingId": null,
    "productRelationship": {
      "canBeReplacedWithProductIds": [],
      "canBeSubstitutedWithProductIds": [],
      "sameContentProductIds": []
    },
    "soldCount": 311,
    "variety": "",
    "isAgreeWithPersonalTerms": null,
    "hasDeclinedPersonalAgreement": null,
    "probability": null,
    "productCountries": [],
    "productVarieties": [],
    "productBanner": null,
    "isShowOnTopProduct": false,
    "primaryCategoryNamePath": "Mat.se Göteborg/Mejeri, Juice & Ägg/Mjölkfritt/Soja"
  },
  {
    "id": 125126,
    "dateCreated": "Fri Apr 09 09:25:26 CEST 2021",
    "name": "Dark Choco",
    "showPrice": "19,95  kr",
    "friendlyUrl": "dark-choco-be-kind-40g",
    "formattedName": "Dark Choco",
    "ean": "5000159528481",
    "countryOfOrigin": "AT",
    "translatedCountryName": "Österrike",
    "labelTags": [
      {
        "id": 14,
        "name": "Särnär fri från gluten",
        "tag": "fri_gluten"
      }
    ],
    "hasImage": true,
    "imageUrl": "https://d1hr6nb56yyl1.cloudfront.net/product-images/125126-150.jpg",
    "brand": {
      "id": 5308,
      "name": "BE-KIND"
    },
    "categories": [
      {
        "id": 4336,
        "name": "Bars"
      },
      {
        "id": 11474,
        "name": "Bars"
      }
    ],
    "displayBrand": "BE-KIND",
    "favouriteCount": 35,
    "active": true,
    "inStockQuantity": 0,
    "orderable": true,
    "price": 19.95000076293945,
    "priceWithoutVat": 17.81250068119594,
    "recommendedRetailPrice": null,
    "readableComparisonPrice": "498,75 kr/kg",
    "discount": null,
    "discountedPrice": 0,
    "size": "40g",
    "weightProduct": false,
    "vat": 12,
    "content": "MANDLAR, JORDNÖTTER, mörk chokladöverdrag (palmkärnolja, cikoriarotfiber, socker, kakaopulver,\nemulgeringsmedel (SOJALECITIN), naturligt aromämne, salt), cikoriarotfiber, honung, glukossirap, rismjöl, kakaomassa, havssalt,\nsocker, emulgeringsmedel (SOJALECITIN), kakaosmör, naturligt aromämne. (Kan innehålla: MJÖLK, SESAMFRÖN och andra NÖTTER).",
    "nutrition": "Näringsvärde per 100 gram\nEnergi 2156/515 kilojoule/kilokalori\nFett 36 gram\nvarav mättat fett 7.4 gram\nKolhydrat 23 gram\nvarav sockerarter 15 gram\nFiber 17 gram\nProtein 16 gram\nSalt 0.78 gram",
    "durability": null,
    "recycling": null,
    "detail": null,
    "storage": "Förvaras svalt och torrt",
    "combinedNameWithBrand": "Dark Choco Be-kind",
    "averageProductLife": 0,
    "minimumDaysBeforeExpire": 31,
    "averageUnitWeight": 0,
    "weight": 41,
    "isMixable": false,
    "idRequired": 0,
    "tagNames": [],
    "featured": false,
    "campaignRank": 476,
    "availableQuantities": [
      {
        "quantity": 0,
        "quantityKey": "default"
      }
    ],
    "emission": 0,
    "allergies": [
      {
        "id": 18,
        "infoSource": null,
        "level": {
          "enumType": "se.mat.mycroft.enums.AllergyLevel",
          "name": "CONTAINS"
        },
        "substanceName": "Mandel"
      },
      {
        "id": 7,
        "infoSource": null,
        "level": {
          "enumType": "se.mat.mycroft.enums.AllergyLevel",
          "name": "TRACES"
        },
        "substanceName": "Mjölk"
      },
      {
        "id": 6,
        "infoSource": null,
        "level": {
          "enumType": "se.mat.mycroft.enums.AllergyLevel",
          "name": "CONTAINS"
        },
        "substanceName": "Sojabönor"
      },
      {
        "id": 13,
        "infoSource": null,
        "level": {
          "enumType": "se.mat.mycroft.enums.AllergyLevel",
          "name": "TRACES"
        },
        "substanceName": "Sesamfrön"
      },
      {
        "id": 10,
        "infoSource": null,
        "level": {
          "enumType": "se.mat.mycroft.enums.AllergyLevel",
          "name": "CONTAINS"
        },
        "substanceName": "Nötter"
      },
      {
        "id": 5,
        "infoSource": null,
        "level": {
          "enumType": "se.mat.mycroft.enums.AllergyLevel",
          "name": "CONTAINS"
        },
        "substanceName": "Jordnötter"
      }
    ],
    "warehouseProductMappingId": null,
    "productRelationship": {
      "canBeReplacedWithProductIds": [],
      "canBeSubstitutedWithProductIds": [],
      "sameContentProductIds": []
    },
    "soldCount": 215,
    "variety": "",
    "isAgreeWithPersonalTerms": null,
    "hasDeclinedPersonalAgreement": null,
    "probability": null,
    "productCountries": [],
    "productVarieties": [],
    "productBanner": null,
    "isShowOnTopProduct": false,
    "primaryCategoryNamePath": "Mat.se Göteborg/Apoteksvaror/Vitaminer, Hälso- & Kosttillskott/Bars"
  },
  {
    "id": 128370,
    "dateCreated": "Wed Sep 01 13:51:34 CEST 2021",
    "name": "Chocolate Seasalt Bar",
    "showPrice": "21,95  kr",
    "friendlyUrl": "chocolate-seasalt-bar-moonvalley-50g",
    "formattedName": "Chocolate Seasalt Bar",
    "ean": "7350102860129",
    "countryOfOrigin": "SE",
    "translatedCountryName": "Sverige",
    "labelTags": [
      {
        "id": 17,
        "name": "EU-logotype för ekologiska produkter",
        "tag": "eu_eko"
      }
    ],
    "hasImage": true,
    "imageUrl": "https://d1hr6nb56yyl1.cloudfront.net/product-images/128370-150.jpg",
    "brand": {
      "id": 13239,
      "name": "Moonvalley"
    },
    "categories": [
      {
        "id": 11474,
        "name": "Bars"
      },
      {
        "id": 4336,
        "name": "Bars"
      }
    ],
    "displayBrand": "Moonvalley",
    "favouriteCount": 21,
    "active": true,
    "inStockQuantity": 23,
    "orderable": true,
    "price": 21.95,
    "priceWithoutVat": 19.5982142857,
    "recommendedRetailPrice": null,
    "readableComparisonPrice": "439 kr/kg",
    "discount": null,
    "discountedPrice": 0,
    "size": "50G",
    "weightProduct": false,
    "vat": 12,
    "content": "Ekologisk dadelmass (37,09), ekologisk rissirap, ekologiska HAVREGRYN (16,58%)), ekologiskt ärtprotein, ekologiska kokosflingor, ekologiskt kakaosmör, ekologisk kakaopulver (5,24%), havssalt (0,52%).",
    "nutrition": "Näringsvärde per 100 Gram\nenergi 1579 Kilojoule\nenergi 377 Kilokalori\nfett 13 Gram\nvarav mättat fett 8.5 Gram\nkolhydrat 52 Gram\nvarav sockerarter 36 Gram\nfiber 12 Gram\nprotein 10 Gram\nsalt 0.93 Gram",
    "durability": null,
    "recycling": null,
    "detail": null,
    "storage": "Förvaras vid högst 24 °C",
    "combinedNameWithBrand": "Chocolate Seasalt Bar Moonvalley",
    "averageProductLife": 0,
    "minimumDaysBeforeExpire": 31,
    "averageUnitWeight": 53,
    "weight": 53,
    "isMixable": false,
    "idRequired": 0,
    "tagNames": [],
    "featured": false,
    "campaignRank": 2147483647,
    "availableQuantities": [
      {
        "quantity": 23,
        "quantityKey": "dw-14416"
      },
      {
        "quantity": 23,
        "quantityKey": "dw-14434"
      },
      {
        "quantity": 23,
        "quantityKey": "dw-14474"
      },
      {
        "quantity": 23,
        "quantityKey": "dw-14458"
      },
      {
        "quantity": 23,
        "quantityKey": "dw-14466"
      },
      {
        "quantity": 23,
        "quantityKey": "dw-14414"
      },
      {
        "quantity": 23,
        "quantityKey": "dw-14406"
      },
      {
        "quantity": 23,
        "quantityKey": "dw-14444"
      },
      {
        "quantity": 23,
        "quantityKey": "dw-14436"
      },
      {
        "quantity": 23,
        "quantityKey": "dw-14398"
      },
      {
        "quantity": 23,
        "quantityKey": "dw-14428"
      },
      {
        "quantity": 23,
        "quantityKey": "dw-14442"
      },
      {
        "quantity": 23,
        "quantityKey": "default"
      },
      {
        "quantity": 23,
        "quantityKey": "dw-14392"
      },
      {
        "quantity": 23,
        "quantityKey": "dw-14452"
      },
      {
        "quantity": 23,
        "quantityKey": "dw-14390"
      },
      {
        "quantity": 23,
        "quantityKey": "dw-14400"
      },
      {
        "quantity": 23,
        "quantityKey": "dw-14426"
      },
      {
        "quantity": 23,
        "quantityKey": "dw-14478"
      },
      {
        "quantity": 23,
        "quantityKey": "dw-14422"
      },
      {
        "quantity": 23,
        "quantityKey": "dw-14468"
      },
      {
        "quantity": 23,
        "quantityKey": "dw-14408"
      },
      {
        "quantity": 23,
        "quantityKey": "dw-14460"
      },
      {
        "quantity": 23,
        "quantityKey": "dw-14450"
      },
      {
        "quantity": 23,
        "quantityKey": "dw-14480"
      }
    ],
    "emission": 0,
    "allergies": [
      {
        "id": 7,
        "infoSource": null,
        "level": {
          "enumType": "se.mat.mycroft.enums.AllergyLevel",
          "name": "TRACES"
        },
        "substanceName": "Mjölk"
      },
      {
        "id": 6,
        "infoSource": null,
        "level": {
          "enumType": "se.mat.mycroft.enums.AllergyLevel",
          "name": "TRACES"
        },
        "substanceName": "Sojabönor"
      },
      {
        "id": 3,
        "infoSource": null,
        "level": {
          "enumType": "se.mat.mycroft.enums.AllergyLevel",
          "name": "TRACES"
        },
        "substanceName": "Ägg"
      },
      {
        "id": 1,
        "infoSource": null,
        "level": {
          "enumType": "se.mat.mycroft.enums.AllergyLevel",
          "name": "CONTAINS"
        },
        "substanceName": "Gluten"
      }
    ],
    "warehouseProductMappingId": null,
    "productRelationship": {
      "canBeReplacedWithProductIds": [],
      "canBeSubstitutedWithProductIds": [],
      "sameContentProductIds": []
    },
    "soldCount": 116,
    "variety": "",
    "isAgreeWithPersonalTerms": null,
    "hasDeclinedPersonalAgreement": null,
    "probability": null,
    "productCountries": [],
    "productVarieties": [],
    "productBanner": null,
    "isShowOnTopProduct": false,
    "primaryCategoryNamePath": "Mat.se Göteborg/Hälsa & Träning/Bars"
  },
  {
    "id": 124954,
    "dateCreated": "Mon Apr 12 14:01:16 CEST 2021",
    "name": "Salty Caramello Cookie Protein Bar",
    "showPrice": "22,50  kr",
    "friendlyUrl": "salty-caramello-cookie-protein-bar-njie-55g",
    "formattedName": "Salty Caramello Cookie Protein Bar",
    "ean": "7350068295522",
    "countryOfOrigin": "DE",
    "translatedCountryName": "Tyskland",
    "labelTags": [],
    "hasImage": true,
    "imageUrl": "https://d1hr6nb56yyl1.cloudfront.net/product-images/124954-150.jpg",
    "brand": {
      "id": 13382,
      "name": "Propud"
    },
    "categories": [
      {
        "id": 4336,
        "name": "Bars"
      },
      {
        "id": 11474,
        "name": "Bars"
      }
    ],
    "displayBrand": "Propud",
    "favouriteCount": 73,
    "active": true,
    "inStockQuantity": 8,
    "orderable": true,
    "price": 22.5,
    "priceWithoutVat": 20.0892857143,
    "recommendedRetailPrice": null,
    "readableComparisonPrice": "409,09 kr/kg",
    "discount": null,
    "discountedPrice": 0,
    "size": "55G",
    "weightProduct": false,
    "vat": 12,
    "content": "MJÖLK/MELKE/MÆLKEPROTEIN, sötningsmedel/ søtstoffer (maltitol), fuktighetsbevarande medel (glycerol), MANDELPASTA, kollagenpeptider (från nöt/biff/okse), kakbitar (8,4%) (sötningsmedel/søtstoffer (maltitol, isomalt, erytitrol), potatisstärkelse, majsmjöl, SMÖR/SMØR, rismjöl, modifierad potatisstärkelse, tapiokastärkelse, aromer, salt, bakpulver (natriumkarbonater)), kakaosmör, HELMJÖLK/MELK/MÆLKSPULVER, polydextrossirap (polydextros, vatten), karamell (3,2%)(sötningsmedel/søtstoffer (sorbitol), kokosnötsolja, dextrin (VETE), fuktighetsbevarande medel (glycerol), SKUMMJÖLK/SKUMMETMELK/SKUMMETMÆLKSPULVER, vatten, emulgeringsmedel/emulgator (mono- och diglycerider av fettsyror), salt, surhetsreglerande medel (natriumcitrater), aromer), kakaopasta, fettreducerad kakao, SMÖR/SMØRFETT, salt (0,2%), aromer, emulgeringsmedel/emulgator (SOJA/SOYALECITIN), sötningsmedel/søtstoffer (aspartam, acesulfam K). Innehåller en källa/kilde till fenylalanin/Indeholder en phenylalaninkilde. Innehåller naturligt förekommande socker/Med et naturlig innhold av sukker. Kan innehålla spår/spor av ÄGG/EGG/ÆG, ANDRA NÖTTER/NØTTER/NØDDER och SESAM/SESAMFRØ. Innehåller/ holder polyoler.",
    "nutrition": "Näringsvärde per 100 Gram\nenergi 1658 Kilojoule\nenergi 397 Kilokalori\nfett 18 Gram\nvarav mättat fett 8.5 Gram\nkolhydrat 34 Gram\nvarav sockerarter 3.3 Gram\nsockeralkoholer 26 Gram\nprotein 33 Gram\nsalt 0.48 Gram",
    "durability": null,
    "recycling": null,
    "detail": "ProPud Protein Bar Salty Caramello Cookie - en proteinbar med salt karamell, strösslad med kakbitar samt överdrag av mjölkchoklad  Utan tillsatt socker och 18 gram protein per bar. Utan palmolja.\n\nFörvaras torrt i rumstemperatur.",
    "storage": "Förvaras torrt i rumstemperatur.",
    "combinedNameWithBrand": "Salty Caramello Cookie Protein Bar Propud",
    "averageProductLife": 0,
    "minimumDaysBeforeExpire": 31,
    "averageUnitWeight": 56,
    "weight": 56,
    "isMixable": false,
    "idRequired": 0,
    "tagNames": [],
    "featured": false,
    "campaignRank": 145,
    "availableQuantities": [
      {
        "quantity": 8,
        "quantityKey": "dw-14452"
      },
      {
        "quantity": 8,
        "quantityKey": "dw-14390"
      },
      {
        "quantity": 8,
        "quantityKey": "dw-14460"
      },
      {
        "quantity": 8,
        "quantityKey": "default"
      },
      {
        "quantity": 8,
        "quantityKey": "dw-14428"
      },
      {
        "quantity": 8,
        "quantityKey": "dw-14400"
      },
      {
        "quantity": 8,
        "quantityKey": "dw-14442"
      },
      {
        "quantity": 8,
        "quantityKey": "dw-14416"
      },
      {
        "quantity": 8,
        "quantityKey": "dw-14408"
      },
      {
        "quantity": 8,
        "quantityKey": "dw-14422"
      },
      {
        "quantity": 8,
        "quantityKey": "dw-14468"
      },
      {
        "quantity": 8,
        "quantityKey": "dw-14398"
      },
      {
        "quantity": 8,
        "quantityKey": "dw-14406"
      },
      {
        "quantity": 8,
        "quantityKey": "dw-14434"
      },
      {
        "quantity": 8,
        "quantityKey": "dw-14474"
      },
      {
        "quantity": 8,
        "quantityKey": "dw-14436"
      },
      {
        "quantity": 8,
        "quantityKey": "dw-14444"
      },
      {
        "quantity": 8,
        "quantityKey": "dw-14466"
      },
      {
        "quantity": 8,
        "quantityKey": "dw-14458"
      },
      {
        "quantity": 8,
        "quantityKey": "dw-14414"
      },
      {
        "quantity": 8,
        "quantityKey": "dw-14426"
      },
      {
        "quantity": 8,
        "quantityKey": "dw-14392"
      },
      {
        "quantity": 8,
        "quantityKey": "dw-14450"
      }
    ],
    "emission": 0,
    "allergies": [
      {
        "id": 1,
        "infoSource": null,
        "level": {
          "enumType": "se.mat.mycroft.enums.AllergyLevel",
          "name": "CONTAINS"
        },
        "substanceName": "Gluten"
      },
      {
        "id": 13,
        "infoSource": null,
        "level": {
          "enumType": "se.mat.mycroft.enums.AllergyLevel",
          "name": "TRACES"
        },
        "substanceName": "Sesamfrön"
      },
      {
        "id": 6,
        "infoSource": null,
        "level": {
          "enumType": "se.mat.mycroft.enums.AllergyLevel",
          "name": "CONTAINS"
        },
        "substanceName": "Sojabönor"
      },
      {
        "id": 10,
        "infoSource": null,
        "level": {
          "enumType": "se.mat.mycroft.enums.AllergyLevel",
          "name": "CONTAINS"
        },
        "substanceName": "Nötter"
      },
      {
        "id": 7,
        "infoSource": null,
        "level": {
          "enumType": "se.mat.mycroft.enums.AllergyLevel",
          "name": "CONTAINS"
        },
        "substanceName": "Mjölk"
      },
      {
        "id": 3,
        "infoSource": null,
        "level": {
          "enumType": "se.mat.mycroft.enums.AllergyLevel",
          "name": "TRACES"
        },
        "substanceName": "Ägg"
      }
    ],
    "warehouseProductMappingId": null,
    "productRelationship": {
      "canBeReplacedWithProductIds": [],
      "canBeSubstitutedWithProductIds": [],
      "sameContentProductIds": []
    },
    "soldCount": 336,
    "variety": "",
    "isAgreeWithPersonalTerms": null,
    "hasDeclinedPersonalAgreement": null,
    "probability": null,
    "productCountries": [],
    "productVarieties": [],
    "productBanner": null,
    "isShowOnTopProduct": false,
    "primaryCategoryNamePath": "Mat.se Göteborg/Apoteksvaror/Vitaminer, Hälso- & Kosttillskott/Bars"
  },
  {
    "id": 125728,
    "dateCreated": "Tue May 04 09:33:34 CEST 2021",
    "name": "Proteinshake Choklad",
    "showPrice": "19,95  kr",
    "friendlyUrl": "proteinshake-choklad-alpro-250ml",
    "formattedName": "Proteinshake Choklad",
    "ean": "5411188133476",
    "countryOfOrigin": "BE",
    "translatedCountryName": "Belgien",
    "labelTags": [
      {
        "id": 14,
        "name": "Särnär fri från gluten",
        "tag": "fri_gluten"
      },
      {
        "id": 15,
        "name": "Särnär fri från laktos",
        "tag": "fri_laktos"
      }
    ],
    "hasImage": true,
    "imageUrl": "https://d1hr6nb56yyl1.cloudfront.net/product-images/125728-150.jpg",
    "brand": {
      "id": 1031,
      "name": "ALPRO"
    },
    "categories": [
      {
        "id": 9230,
        "name": "Proteintillskott"
      },
      {
        "id": 11478,
        "name": "Proteindryck"
      },
      {
        "id": 9938,
        "name": "Soja"
      },
      {
        "id": 10262,
        "name": "Milkshake"
      }
    ],
    "displayBrand": "ALPRO",
    "favouriteCount": 75,
    "active": true,
    "inStockQuantity": 17,
    "orderable": true,
    "price": 19.95,
    "priceWithoutVat": 17.8125,
    "recommendedRetailPrice": null,
    "readableComparisonPrice": "79,80 kr/l",
    "discount": null,
    "discountedPrice": 0,
    "size": "250ml",
    "weightProduct": false,
    "vat": 12,
    "content": "SOJABAS (vatten/vann/vand, skalade/afskallede SOJABÖNOR/SOYABØNNER (12%)), socker/sukker, fettreducerat kakaopulver (1,6%), ärt/ert/ærteprotein, havssalt, kalciumkarbonat, stabiliseringsmedel/mid-del (gellangummi), surhetsreglerande medel/ middel (kaliumfosfater), aromer, vitaminer (B2, D2).",
    "nutrition": "Näringsvärde per 100 millilitrer\nEnergi 74/311 kilokalori/kilojoule\nFett 2.9 gram\nvarav mättat fett 0.6 gram\nKolhydrat 5.2 gram\nvarav sockerarter 4.9 gram\nFiber 1.4 gram\nProtein 6.0 gram\nSalt 0.19 gram\nKalcium 120 milligram 15% av RDI\nVitamin D 0.75 mikrogram 15% av RDI\nRiboflavin 0.21 milligram 15% av RDI",
    "durability": null,
    "recycling": null,
    "detail": "Växtbaserad proteinshake från Alpro. Även en källa till kalcium och vitaminer. Helt fri från konstgjorda färger och konserveringsmedel.",
    "storage": "Förvaras vid högst +7°C",
    "combinedNameWithBrand": "Proteinshake Choklad Alpro",
    "averageProductLife": 202.7,
    "minimumDaysBeforeExpire": 31,
    "averageUnitWeight": 0,
    "weight": 262,
    "isMixable": false,
    "idRequired": 0,
    "tagNames": [
      "shake.protein.växtbaserad.protein",
      "protein.choklad.",
      "shake.",
      "shake.plantbaserad",
      "växtbaserad",
      "Protein"
    ],
    "featured": false,
    "campaignRank": 2147483647,
    "availableQuantities": [
      {
        "quantity": 17,
        "quantityKey": "dw-14444"
      },
      {
        "quantity": 2,
        "quantityKey": "dw-14390"
      },
      {
        "quantity": 17,
        "quantityKey": "dw-14478"
      },
      {
        "quantity": 17,
        "quantityKey": "dw-14442"
      },
      {
        "quantity": 17,
        "quantityKey": "dw-14468"
      },
      {
        "quantity": 17,
        "quantityKey": "dw-14408"
      },
      {
        "quantity": 17,
        "quantityKey": "dw-14416"
      },
      {
        "quantity": 17,
        "quantityKey": "dw-14428"
      },
      {
        "quantity": 17,
        "quantityKey": "dw-14450"
      },
      {
        "quantity": 17,
        "quantityKey": "dw-14466"
      },
      {
        "quantity": 2,
        "quantityKey": "dw-14392"
      },
      {
        "quantity": 17,
        "quantityKey": "dw-14458"
      },
      {
        "quantity": 17,
        "quantityKey": "dw-14474"
      },
      {
        "quantity": 2,
        "quantityKey": "dw-14400"
      },
      {
        "quantity": 2,
        "quantityKey": "dw-14406"
      },
      {
        "quantity": 17,
        "quantityKey": "dw-14460"
      },
      {
        "quantity": 17,
        "quantityKey": "dw-14422"
      },
      {
        "quantity": 17,
        "quantityKey": "default"
      },
      {
        "quantity": 17,
        "quantityKey": "dw-14436"
      },
      {
        "quantity": 17,
        "quantityKey": "dw-14434"
      },
      {
        "quantity": 17,
        "quantityKey": "dw-14452"
      },
      {
        "quantity": 17,
        "quantityKey": "dw-14414"
      },
      {
        "quantity": 17,
        "quantityKey": "dw-14426"
      },
      {
        "quantity": 17,
        "quantityKey": "dw-14480"
      },
      {
        "quantity": 2,
        "quantityKey": "dw-14398"
      }
    ],
    "emission": 0,
    "allergies": [
      {
        "id": 6,
        "infoSource": null,
        "level": {
          "enumType": "se.mat.mycroft.enums.AllergyLevel",
          "name": "CONTAINS"
        },
        "substanceName": "Sojabönor"
      }
    ],
    "warehouseProductMappingId": null,
    "productRelationship": {
      "canBeReplacedWithProductIds": [],
      "canBeSubstitutedWithProductIds": [],
      "sameContentProductIds": []
    },
    "soldCount": 421,
    "variety": "",
    "isAgreeWithPersonalTerms": null,
    "hasDeclinedPersonalAgreement": null,
    "probability": null,
    "productCountries": [],
    "productVarieties": [],
    "productBanner": null,
    "isShowOnTopProduct": false,
    "primaryCategoryNamePath": "Mat.se Göteborg/Apoteksvaror/Vitaminer, Hälso- & Kosttillskott/Proteintillskott"
  },
  {
    "id": 122636,
    "dateCreated": "Thu Feb 18 11:05:18 CET 2021",
    "name": "Soft toffee",
    "showPrice": "11,95  kr",
    "friendlyUrl": "soft-toffee-nicks-28g-1",
    "formattedName": "Soft Toffee",
    "ean": "7350104401092",
    "countryOfOrigin": "BG",
    "translatedCountryName": "Bulgarien",
    "labelTags": [
      {
        "id": 14,
        "name": "Särnär fri från gluten",
        "tag": "fri_gluten"
      }
    ],
    "hasImage": true,
    "imageUrl": "https://d1hr6nb56yyl1.cloudfront.net/product-images/122636-150.jpg",
    "brand": {
      "id": 4667,
      "name": "nicks"
    },
    "categories": [
      {
        "id": 4336,
        "name": "Bars"
      },
      {
        "id": 11474,
        "name": "Bars"
      }
    ],
    "displayBrand": "nicks",
    "favouriteCount": 100,
    "active": true,
    "inStockQuantity": 15,
    "orderable": true,
    "price": 11.94999980926514,
    "priceWithoutVat": 10.66964268684387,
    "recommendedRetailPrice": null,
    "readableComparisonPrice": "426,79 kr/kg",
    "discount": null,
    "discountedPrice": 0,
    "size": "28g",
    "weightProduct": false,
    "vat": 12,
    "content": "Sötningsmedel: erytritol, kakaosmör, MJÖLK/MÆLKpulver, polydextros (fiber), löslig/oppløselig majsfiber, kakaomassa, cikoriarotfiber, sötningsmedel: sorbitol, vegetabilisk olja (kokos, shea), fuktighetsbevarande medel: veg. glycerol, SMÖR (MJÖLK/MÆLK), sötningsmedel: xylitol, emulgeringsmedel: solros/solsikkelecitin, naturlig arom, salt, sötningsmedel: steviolglykosider. Kan innehålla spår av SESAM, JORDNÖTTER/PEANØTTER/JORDNØDDER och NÖTTER/NØTTER/ NØDDER.",
    "nutrition": "Näringsvärde per 100 gram\nEnergi 1570/375 kilojoule/kilokalori\nFett 29.8 gram\nvarav mättat fett 17.6 gram\nKolhydrat 33.8 gram\nvarav sockerarter 7.1 gram\nvarav polyoler 22.8 gram\nFiber 21.9 gram\nProtein 5.4 gram\nSalt 0.36 gram",
    "durability": null,
    "recycling": null,
    "detail": "Soft karamell doppad i mjölkchoklad. Passande för lågkolhydratskost, keto, diabetes, glutenintolerans men främst för alla som vill njuta och må bra på samma gång. No added sugar, no palm oil, no gluten, just joy.\n\nUtan tillsatt socker",
    "storage": "Förvaras torrt & svalt: <30°C",
    "combinedNameWithBrand": "Soft Toffee Nicks",
    "averageProductLife": 0,
    "minimumDaysBeforeExpire": 31,
    "averageUnitWeight": 0,
    "weight": 30,
    "isMixable": false,
    "idRequired": 0,
    "tagNames": [],
    "featured": false,
    "campaignRank": 253,
    "availableQuantities": [
      {
        "quantity": 15,
        "quantityKey": "dw-14426"
      },
      {
        "quantity": 15,
        "quantityKey": "dw-14436"
      },
      {
        "quantity": 15,
        "quantityKey": "dw-14458"
      },
      {
        "quantity": 15,
        "quantityKey": "dw-14466"
      },
      {
        "quantity": 15,
        "quantityKey": "dw-14408"
      },
      {
        "quantity": 15,
        "quantityKey": "dw-14422"
      },
      {
        "quantity": 15,
        "quantityKey": "dw-14450"
      },
      {
        "quantity": 15,
        "quantityKey": "dw-14452"
      },
      {
        "quantity": 15,
        "quantityKey": "dw-14414"
      },
      {
        "quantity": 15,
        "quantityKey": "default"
      },
      {
        "quantity": 15,
        "quantityKey": "dw-14390"
      },
      {
        "quantity": 15,
        "quantityKey": "dw-14406"
      },
      {
        "quantity": 15,
        "quantityKey": "dw-14392"
      },
      {
        "quantity": 15,
        "quantityKey": "dw-14400"
      },
      {
        "quantity": 15,
        "quantityKey": "dw-14444"
      },
      {
        "quantity": 15,
        "quantityKey": "dw-14398"
      },
      {
        "quantity": 15,
        "quantityKey": "dw-14468"
      },
      {
        "quantity": 15,
        "quantityKey": "dw-14474"
      },
      {
        "quantity": 15,
        "quantityKey": "dw-14442"
      },
      {
        "quantity": 15,
        "quantityKey": "dw-14434"
      },
      {
        "quantity": 15,
        "quantityKey": "dw-14416"
      },
      {
        "quantity": 15,
        "quantityKey": "dw-14428"
      },
      {
        "quantity": 15,
        "quantityKey": "dw-14460"
      }
    ],
    "emission": 0,
    "allergies": [
      {
        "id": 7,
        "infoSource": null,
        "level": {
          "enumType": "se.mat.mycroft.enums.AllergyLevel",
          "name": "CONTAINS"
        },
        "substanceName": "Mjölk"
      },
      {
        "id": 13,
        "infoSource": null,
        "level": {
          "enumType": "se.mat.mycroft.enums.AllergyLevel",
          "name": "TRACES"
        },
        "substanceName": "Sesamfrön"
      },
      {
        "id": 10,
        "infoSource": null,
        "level": {
          "enumType": "se.mat.mycroft.enums.AllergyLevel",
          "name": "TRACES"
        },
        "substanceName": "Nötter"
      },
      {
        "id": 5,
        "infoSource": null,
        "level": {
          "enumType": "se.mat.mycroft.enums.AllergyLevel",
          "name": "TRACES"
        },
        "substanceName": "Jordnötter"
      }
    ],
    "warehouseProductMappingId": null,
    "productRelationship": {
      "canBeReplacedWithProductIds": [],
      "canBeSubstitutedWithProductIds": [],
      "sameContentProductIds": []
    },
    "soldCount": 450,
    "variety": "",
    "isAgreeWithPersonalTerms": null,
    "hasDeclinedPersonalAgreement": null,
    "probability": null,
    "productCountries": [],
    "productVarieties": [],
    "productBanner": null,
    "isShowOnTopProduct": false,
    "primaryCategoryNamePath": "Mat.se Göteborg/Apoteksvaror/Vitaminer, Hälso- & Kosttillskott/Bars"
  },
  {
    "id": 95422,
    "dateCreated": "Mon Jan 29 10:11:32 CET 2018",
    "name": "Swebar White Chocolate Raspberry Proteinbar Low Sugar",
    "showPrice": "20,50  kr",
    "friendlyUrl": "swebar-ls-white-choc-rasp-kfp-dalblads-50g",
    "formattedName": "Swebar White Chocolate Raspberry Proteinbar Low Sugar",
    "ean": "7350028545902",
    "countryOfOrigin": "SE",
    "translatedCountryName": "Sverige",
    "labelTags": [],
    "hasImage": true,
    "imageUrl": "https://d1hr6nb56yyl1.cloudfront.net/product-images/95422-150.jpg",
    "brand": {
      "id": 1319,
      "name": "DALBLADS"
    },
    "categories": [
      {
        "id": 11474,
        "name": "Bars"
      },
      {
        "id": 4336,
        "name": "Bars"
      },
      {
        "id": 9230,
        "name": "Proteintillskott"
      }
    ],
    "displayBrand": "DALBLADS",
    "favouriteCount": 230,
    "active": true,
    "inStockQuantity": 26,
    "orderable": true,
    "price": 20.5,
    "priceWithoutVat": 18.3035714286,
    "recommendedRetailPrice": null,
    "readableComparisonPrice": "410 kr/kg",
    "discount": null,
    "discountedPrice": 0,
    "size": "50G",
    "weightProduct": false,
    "vat": 12,
    "content": "Proteinblandning (MJÖLKPROTEIN/MELKEPROTEIN, kollagenhydrolysat, SOJAPROTEINISOLAT/SOYAPROTEINISOLAT), vit choklad/sjokolade (27%) (sötningsmedel/søtstoff (maltitol), kakaosmör/kakaosmør, HELMJÖLKSPULVER/MELKEPULVER AV HELMELK, emulgeringsmedel (solroslecitin/solsikkelecitin), naturlig vaniljarom), fyllning med hallonsmak/bringebærsmak (17%) (fyllnadsmedel (polydextros), kondenserad MJÖLK/MELK, kakaosmör/kakaosmør, syra (citronsyra), fuktighetsbevarande medel (sorbitol), emulgeringsmedel (solroslecitin/solsikkelecitin), arom, vatten, salt, naturlig hallonarom/bringebæraroma, färgämne/fargestoff (karmin)), SOJAKRISP (SOJAPROTEINISOLAT/SOYAPROTEINISOLAT, rismjöl/rismel, KORNMALTEXTRAKT/BYGGMALTEKSTRAKT, salt), fuktighetsbevarande medel (glycerol), vatten, kokosolja, arom, frystorkade/frysetørkede hallon/bringebær (0,6%), salt, emulgeringsmedel (mikrokristallin cellulosa), solrosolja/solsikkeolje, sötningsmedel/søtstoff (sukralos). Kan innehålla spår/spor av MANDEL, HASSELNÖT, VALNÖT, CASHEWNÖT, PEKANNÖT, PARANÖT, pistagenöt/pistasjnøtt, MAKADAMIANÖT, jordnöt/peanøtt och ÄGG/EGG.",
    "nutrition": "Näringsvärde per 100 Gram\nenergi 1500 Kilojoule\nenergi 360 Kilokalori\nfett 15 Gram\nvarav mättat fett 9.9 Gram\nkolhydrat 28 Gram\nvarav sockerarter 3 Gram\nfiber 7.3 Gram\nprotein 33 Gram\nsalt 0.6 Gram",
    "durability": null,
    "recycling": null,
    "detail": "Swebar No Added Sugar White Chocolate Raspberry har ett krispigt lager med smak av söt vitchoklad tillsammans med frisk hallonsås som får en att drömma om sommaren. Med ett högt proteininnehåll och lågt sockerinnehåll passar den perfekt för dig med en aktiv livsstil. Proteinet absorberas snabbt av kroppen och når musklerna omedelbart, vilket är extra bra för dess reparation och uppbyggnad. På grund av sitt låga sockerinnehåll så passar Swebar No Added Sugar White Chocolate Raspberry även bra som ett mättande mellanmål eller snacks on-the-go.\n\nKonsumeras efter träning\n\nFörvaras torrt och svalt",
    "storage": "Förvaras torrt och svalt",
    "combinedNameWithBrand": "Swebar White Chocolate Raspberry Proteinbar Low Sugar Dalblads",
    "averageProductLife": 0,
    "minimumDaysBeforeExpire": 31,
    "averageUnitWeight": 51,
    "weight": 51,
    "isMixable": false,
    "idRequired": 0,
    "tagNames": [],
    "featured": false,
    "campaignRank": 216,
    "availableQuantities": [
      {
        "quantity": 26,
        "quantityKey": "dw-14458"
      },
      {
        "quantity": 26,
        "quantityKey": "dw-14416"
      },
      {
        "quantity": 26,
        "quantityKey": "dw-14444"
      },
      {
        "quantity": 26,
        "quantityKey": "dw-14468"
      },
      {
        "quantity": 26,
        "quantityKey": "dw-14400"
      },
      {
        "quantity": 26,
        "quantityKey": "dw-14450"
      },
      {
        "quantity": 26,
        "quantityKey": "dw-14466"
      },
      {
        "quantity": 26,
        "quantityKey": "dw-14436"
      },
      {
        "quantity": 26,
        "quantityKey": "dw-14460"
      },
      {
        "quantity": 26,
        "quantityKey": "dw-14408"
      },
      {
        "quantity": 26,
        "quantityKey": "default"
      },
      {
        "quantity": 26,
        "quantityKey": "dw-14452"
      },
      {
        "quantity": 26,
        "quantityKey": "dw-14442"
      },
      {
        "quantity": 26,
        "quantityKey": "dw-14474"
      },
      {
        "quantity": 26,
        "quantityKey": "dw-14406"
      },
      {
        "quantity": 26,
        "quantityKey": "dw-14392"
      },
      {
        "quantity": 26,
        "quantityKey": "dw-14390"
      },
      {
        "quantity": 26,
        "quantityKey": "dw-14398"
      },
      {
        "quantity": 26,
        "quantityKey": "dw-14414"
      },
      {
        "quantity": 26,
        "quantityKey": "dw-14422"
      },
      {
        "quantity": 26,
        "quantityKey": "dw-14434"
      },
      {
        "quantity": 26,
        "quantityKey": "dw-14426"
      },
      {
        "quantity": 26,
        "quantityKey": "dw-14428"
      }
    ],
    "emission": 0,
    "allergies": [
      {
        "id": 7,
        "infoSource": null,
        "level": {
          "enumType": "se.mat.mycroft.enums.AllergyLevel",
          "name": "CONTAINS"
        },
        "substanceName": "Mjölk"
      },
      {
        "id": 5,
        "infoSource": null,
        "level": {
          "enumType": "se.mat.mycroft.enums.AllergyLevel",
          "name": "TRACES"
        },
        "substanceName": "Jordnötter"
      },
      {
        "id": 3,
        "infoSource": null,
        "level": {
          "enumType": "se.mat.mycroft.enums.AllergyLevel",
          "name": "TRACES"
        },
        "substanceName": "Ägg"
      },
      {
        "id": 10,
        "infoSource": null,
        "level": {
          "enumType": "se.mat.mycroft.enums.AllergyLevel",
          "name": "TRACES"
        },
        "substanceName": "Nötter"
      },
      {
        "id": 6,
        "infoSource": null,
        "level": {
          "enumType": "se.mat.mycroft.enums.AllergyLevel",
          "name": "CONTAINS"
        },
        "substanceName": "Sojabönor"
      },
      {
        "id": 1,
        "infoSource": null,
        "level": {
          "enumType": "se.mat.mycroft.enums.AllergyLevel",
          "name": "CONTAINS"
        },
        "substanceName": "Gluten"
      }
    ],
    "warehouseProductMappingId": null,
    "productRelationship": {
      "canBeReplacedWithProductIds": [],
      "canBeSubstitutedWithProductIds": [
        93845,
        71454
      ],
      "sameContentProductIds": []
    },
    "soldCount": 1222,
    "variety": "",
    "isAgreeWithPersonalTerms": null,
    "hasDeclinedPersonalAgreement": null,
    "probability": null,
    "productCountries": [],
    "productVarieties": [],
    "productBanner": null,
    "isShowOnTopProduct": false,
    "primaryCategoryNamePath": "Mat.se Göteborg/Hälsa & Träning/Bars"
  },
  {
    "id": 93246,
    "dateCreated": "Wed Apr 03 10:13:04 CEST 2019",
    "name": "Swebar Päronglass Proteinbar",
    "showPrice": "20,50  kr",
    "friendlyUrl": "swebar-paronglass-proteinbar-dalblads-55g",
    "formattedName": "Swebar Päronglass Proteinbar",
    "ean": "7350028544905",
    "countryOfOrigin": "SE",
    "translatedCountryName": "Sverige",
    "labelTags": [],
    "hasImage": true,
    "imageUrl": "https://d1hr6nb56yyl1.cloudfront.net/product-images/93246-150.jpg",
    "brand": {
      "id": 1319,
      "name": "DALBLADS"
    },
    "categories": [
      {
        "id": 11474,
        "name": "Bars"
      },
      {
        "id": 4336,
        "name": "Bars"
      }
    ],
    "displayBrand": "DALBLADS",
    "favouriteCount": 137,
    "active": true,
    "inStockQuantity": 0,
    "orderable": false,
    "price": 20.5,
    "priceWithoutVat": 18.3035714286,
    "recommendedRetailPrice": null,
    "readableComparisonPrice": "372,73 kr/kg",
    "discount": null,
    "discountedPrice": 0,
    "size": "55G",
    "weightProduct": false,
    "vat": 12,
    "content": "Vassleproteinisolat/myseproteinisolat (från MJÖLK/MELK), vit/hvit choklad/sjokolade (socker/sukker, kakaosmör, HELMJÖLKSPULVER/MELKEPULVER AV HELMELK, emulgeringsmedel(SOJALECITIN/SOYALECITIN), arom), glukossirap, fruktossirap, överdrag/overtrekk (socker/sukker, vegetabilisk olja och fett (palm/palme, shea), SKUMMJÖLKSPULVER/ MELKEPULVER AV SKUMMET MELK, cikoriarotfiber (inulin), YOGHURTPULVER, emulgeringsmedel (SOJALECITIN/SOYALECITIN, sorbitantristearat), arom), solrosolja/solsikkeolje, MJÖLKPROTEIN/MELKEPROTEIN, ÄGGVITEPROTEIN/ EGGEHVITEPROTEIN, färgämne/fargestoff (klorofyllinkopparkomplex), päronarom/pærearoma, surhetsreglerande medel (citronsyra). Kan innehålla spår/spor av SOJAPROTEIN/SOYAPROTEIN.",
    "nutrition": "Näringsvärde per 55 Gram\nenergi 1000 Kilojoule\nenergi 240 Kilokalori\nfett 9.8 Gram\nvarav mättat fett 4.8 Gram\nkolhydrat 22 Gram\nvarav sockerarter 20 Gram\nprotein 16 Gram\nsalt 0.2 Gram",
    "durability": null,
    "recycling": null,
    "detail": "Swebar Original Päronglass är en krämig kombination av päron och vanilj, precis som en god sommardag fast med 30% protein såklart. Proteinet och de snabba kolhydraterna absorberas snabbt av kroppen och når musklerna omedelbart, vilket är extra bra för dess reparation och uppbyggnad. Med en Swebar efter ett träningspass är du snabbt återhämtad och redo för nästa. Swebar Original Päronglass har ej tillsatta nötter.\n\nKonsumeras efter träning\n\nFörvaras torrt och svalt",
    "storage": "Förvaras torrt och svalt",
    "combinedNameWithBrand": "Swebar Päronglass Proteinbar Dalblads",
    "averageProductLife": 0,
    "minimumDaysBeforeExpire": 31,
    "averageUnitWeight": 56,
    "weight": 56,
    "isMixable": false,
    "idRequired": 0,
    "tagNames": [],
    "featured": false,
    "campaignRank": 247,
    "availableQuantities": [
      {
        "quantity": 0,
        "quantityKey": "default"
      }
    ],
    "emission": 0,
    "allergies": [
      {
        "id": 3,
        "infoSource": null,
        "level": {
          "enumType": "se.mat.mycroft.enums.AllergyLevel",
          "name": "CONTAINS"
        },
        "substanceName": "Ägg"
      },
      {
        "id": 7,
        "infoSource": null,
        "level": {
          "enumType": "se.mat.mycroft.enums.AllergyLevel",
          "name": "CONTAINS"
        },
        "substanceName": "Mjölk"
      },
      {
        "id": 6,
        "infoSource": null,
        "level": {
          "enumType": "se.mat.mycroft.enums.AllergyLevel",
          "name": "CONTAINS"
        },
        "substanceName": "Sojabönor"
      }
    ],
    "warehouseProductMappingId": null,
    "productRelationship": {
      "canBeReplacedWithProductIds": [],
      "canBeSubstitutedWithProductIds": [],
      "sameContentProductIds": []
    },
    "soldCount": 664,
    "variety": "",
    "isAgreeWithPersonalTerms": null,
    "hasDeclinedPersonalAgreement": null,
    "probability": null,
    "productCountries": [],
    "productVarieties": [],
    "productBanner": null,
    "isShowOnTopProduct": false,
    "primaryCategoryNamePath": "Mat.se Göteborg/Hälsa & Träning/Bars"
  },
  {
    "id": 121868,
    "dateCreated": "Tue Feb 16 11:32:53 CET 2021",
    "name": "Caramel Protein Bar",
    "showPrice": "19,95  kr",
    "friendlyUrl": "protein-bar-caramel-nicks-50g",
    "formattedName": "Caramel Protein Bar",
    "ean": "7350104401238",
    "countryOfOrigin": "MK",
    "translatedCountryName": "Makedonien",
    "labelTags": [
      {
        "id": 14,
        "name": "Särnär fri från gluten",
        "tag": "fri_gluten"
      }
    ],
    "hasImage": true,
    "imageUrl": "https://d1hr6nb56yyl1.cloudfront.net/product-images/121868-150.jpg",
    "brand": {
      "id": 12132,
      "name": "Nick´s"
    },
    "categories": [
      {
        "id": 4336,
        "name": "Bars"
      },
      {
        "id": 11474,
        "name": "Bars"
      }
    ],
    "displayBrand": "Nick´s",
    "favouriteCount": 83,
    "active": true,
    "inStockQuantity": 20,
    "orderable": true,
    "price": 19.95000076293945,
    "priceWithoutVat": 17.81250068119594,
    "recommendedRetailPrice": null,
    "readableComparisonPrice": "399 kr/kg",
    "discount": null,
    "discountedPrice": 0,
    "size": "50G",
    "weightProduct": false,
    "vat": 12,
    "content": "MJÖLK/MÆLKprotein, löslig majsfiber, kollagenpeptider, sötningsmedel: erytritol, kakaosmör, polydextros (fiber), MJÖLK//MÆLKpulver, fuktighetsbevarande medel: veg. glycerol, ÄGG/ÆGvitepulver, kakaomassa, sötningsmedel: xylitol, cikoriarotfiber, SMÖR (MJÖLK/MÆLK), kakaopulver, sötningsmedel: sorbitol, salt, emulgeringsmedel: solros/solsikkelecitin, naturlig arom, sötningsmedel: steviolglykosider. Kan innehålla spår av SOJA, SESAM, NÖTTER och JORDNÖTTER/PEANØTTER.",
    "nutrition": "Näringsvärde per 100 Gram\nenergi 1324 Kilojoule\nenergi 316 Kilokalori\nfett 13.4 Gram\nvarav mättat fett 8.1 Gram\nkolhydrat 25.1 Gram\nvarav sockerarter 4.4 Gram\nsockeralkoholer 18.4 Gram\nfiber 18.9 Gram\nprotein 28 Gram\nsalt 0.4 Gram",
    "durability": null,
    "recycling": null,
    "detail": "En proteinbar med seg karamell och 13 g protein. Laddad med prebiotiska fibrer som stimulerar tillväxten av goda tarmbakterier och ökar ditt immunförsvar. Passande för lågkolhydratskost, keto, diabetes, glutenintolerans men främst för alla som vill njuta och må bra på samma gång. 158 kcal/bar, no added sugar, no palm oil, just joy.\n\nFörvaras torrt & svalt: <30°C",
    "storage": "Förvaras torrt & svalt: <30°C",
    "combinedNameWithBrand": "Caramel Protein Bar Nick´s",
    "averageProductLife": 0,
    "minimumDaysBeforeExpire": 31,
    "averageUnitWeight": 51,
    "weight": 51,
    "isMixable": false,
    "idRequired": 0,
    "tagNames": [],
    "featured": false,
    "campaignRank": 155,
    "availableQuantities": [
      {
        "quantity": 20,
        "quantityKey": "dw-14436"
      },
      {
        "quantity": 20,
        "quantityKey": "dw-14408"
      },
      {
        "quantity": 20,
        "quantityKey": "dw-14414"
      },
      {
        "quantity": 20,
        "quantityKey": "dw-14444"
      },
      {
        "quantity": 20,
        "quantityKey": "dw-14416"
      },
      {
        "quantity": 20,
        "quantityKey": "dw-14422"
      },
      {
        "quantity": 8,
        "quantityKey": "dw-14390"
      },
      {
        "quantity": 20,
        "quantityKey": "dw-14400"
      },
      {
        "quantity": 20,
        "quantityKey": "dw-14426"
      },
      {
        "quantity": 20,
        "quantityKey": "dw-14450"
      },
      {
        "quantity": 20,
        "quantityKey": "dw-14428"
      },
      {
        "quantity": 20,
        "quantityKey": "dw-14468"
      },
      {
        "quantity": 8,
        "quantityKey": "dw-14398"
      },
      {
        "quantity": 20,
        "quantityKey": "dw-14452"
      },
      {
        "quantity": 20,
        "quantityKey": "dw-14406"
      },
      {
        "quantity": 20,
        "quantityKey": "dw-14474"
      },
      {
        "quantity": 20,
        "quantityKey": "dw-14442"
      },
      {
        "quantity": 20,
        "quantityKey": "dw-14458"
      },
      {
        "quantity": 8,
        "quantityKey": "dw-14392"
      },
      {
        "quantity": 20,
        "quantityKey": "dw-14460"
      },
      {
        "quantity": 20,
        "quantityKey": "dw-14466"
      },
      {
        "quantity": 20,
        "quantityKey": "dw-14434"
      },
      {
        "quantity": 20,
        "quantityKey": "default"
      }
    ],
    "emission": 0,
    "allergies": [
      {
        "id": 6,
        "infoSource": null,
        "level": {
          "enumType": "se.mat.mycroft.enums.AllergyLevel",
          "name": "TRACES"
        },
        "substanceName": "Sojabönor"
      },
      {
        "id": 3,
        "infoSource": null,
        "level": {
          "enumType": "se.mat.mycroft.enums.AllergyLevel",
          "name": "CONTAINS"
        },
        "substanceName": "Ägg"
      },
      {
        "id": 5,
        "infoSource": null,
        "level": {
          "enumType": "se.mat.mycroft.enums.AllergyLevel",
          "name": "TRACES"
        },
        "substanceName": "Jordnötter"
      },
      {
        "id": 13,
        "infoSource": null,
        "level": {
          "enumType": "se.mat.mycroft.enums.AllergyLevel",
          "name": "TRACES"
        },
        "substanceName": "Sesamfrön"
      },
      {
        "id": 7,
        "infoSource": null,
        "level": {
          "enumType": "se.mat.mycroft.enums.AllergyLevel",
          "name": "CONTAINS"
        },
        "substanceName": "Mjölk"
      },
      {
        "id": 10,
        "infoSource": null,
        "level": {
          "enumType": "se.mat.mycroft.enums.AllergyLevel",
          "name": "TRACES"
        },
        "substanceName": "Nötter"
      }
    ],
    "warehouseProductMappingId": null,
    "productRelationship": {
      "canBeReplacedWithProductIds": [],
      "canBeSubstitutedWithProductIds": [],
      "sameContentProductIds": []
    },
    "soldCount": 437,
    "variety": "",
    "isAgreeWithPersonalTerms": null,
    "hasDeclinedPersonalAgreement": null,
    "probability": null,
    "productCountries": [],
    "productVarieties": [],
    "productBanner": null,
    "isShowOnTopProduct": false,
    "primaryCategoryNamePath": "Mat.se Göteborg/Apoteksvaror/Vitaminer, Hälso- & Kosttillskott/Bars"
  },
  {
    "id": 124952,
    "dateCreated": "Mon Apr 12 14:01:16 CEST 2021",
    "name": "Protein Bar Coockies Dream",
    "showPrice": "22,50  kr",
    "friendlyUrl": "protein-bar-coockies-dream-njie-55g",
    "formattedName": "Protein Bar Coockies Dream",
    "ean": "7350068295515",
    "countryOfOrigin": "DE",
    "translatedCountryName": "Tyskland",
    "labelTags": [],
    "hasImage": true,
    "imageUrl": "https://d1hr6nb56yyl1.cloudfront.net/product-images/124952-150.jpg",
    "brand": {
      "id": 13382,
      "name": "Propud"
    },
    "categories": [
      {
        "id": 11474,
        "name": "Bars"
      },
      {
        "id": 4336,
        "name": "Bars"
      }
    ],
    "displayBrand": "Propud",
    "favouriteCount": 94,
    "active": true,
    "inStockQuantity": 14,
    "orderable": true,
    "price": 22.5,
    "priceWithoutVat": 20.0892857143,
    "recommendedRetailPrice": null,
    "readableComparisonPrice": "409,09 kr/kg",
    "discount": null,
    "discountedPrice": 0,
    "size": "55G",
    "weightProduct": false,
    "vat": 12,
    "content": "MJÖLK/MELKE/MÆLKEPROTEIN, sötningsmedel/søtstoffer (maltitol), fuktighetsbevarande medel (glycerol), HELMJÖLK/MELK/MÆLKSPULVER, chokladkaksbitar (8,4%)(sötningsmedel/søtstoffer (maltitol, erytitrol, isomalt), potatisstärkelse, majsmjöl, SMÖR/SMØR, fettreducerad kakaopulver, rismjöl, SMÖR/SMØRFETT, modifierad potatisstärkelse, tapiokastärkelse, inulin, salt, aromer, bourbon vaniljextrakt, bakpulver (natriumkarbonater)), kakaosmör, kollagenpeptider (från nöt/biff/okse), SMÖR/SMØRFETT, vatten, fettreducerad kakao (3,7%), solrosolja/solsikkeolje, aromer, salt, emulgeringsmedel/emulgator (SOJA/SOYALECITIN), sötningsmedel/søtstoffer (aspartam, acesulfam K). Innehåller en källa/kilde till fenylalanin/Indeholder en phenylalaninkilde. Innehåller naturligt förekommande socker/Med et naturlig innhold av sukker. Kan innehålla spår/spor av ÄGG/EGG/ÆG, NÖTTER/NØTTER/NØDDER, SESAM/SESAMFRØ och VETE/HVETE/HVEDE. Innehåller/holder polyoler.",
    "nutrition": "Näringsvärde per 100 Gram\nenergi 1711 Kilojoule\nenergi 410 Kilokalori\nfett 21 Gram\nvarav mättat fett 12 Gram\nkolhydrat 32 Gram\nvarav sockerarter 3.8 Gram\nsockeralkoholer 24 Gram\nprotein 32 Gram\nsalt 0.39 Gram",
    "durability": null,
    "recycling": null,
    "detail": "ProPud Protein Bar Cookies & Dream - en proteinbar med smak av chokladkakor och grädde, strösslad med chokladkaksbitar samt överdarg av vit choklad. Utan tillsatt socker och 18 gram protein per bar. Utan palmolja.\n\nFörvaras torrt i rumstemperatur.",
    "storage": "Förvaras torrt i rumstemperatur.",
    "combinedNameWithBrand": "Protein Bar Coockies Dream Propud",
    "averageProductLife": 0,
    "minimumDaysBeforeExpire": 31,
    "averageUnitWeight": 56,
    "weight": 56,
    "isMixable": false,
    "idRequired": 0,
    "tagNames": [],
    "featured": false,
    "campaignRank": 142,
    "availableQuantities": [
      {
        "quantity": 4,
        "quantityKey": "dw-14392"
      },
      {
        "quantity": 14,
        "quantityKey": "dw-14426"
      },
      {
        "quantity": 14,
        "quantityKey": "dw-14414"
      },
      {
        "quantity": 4,
        "quantityKey": "dw-14400"
      },
      {
        "quantity": 14,
        "quantityKey": "dw-14450"
      },
      {
        "quantity": 14,
        "quantityKey": "dw-14444"
      },
      {
        "quantity": 4,
        "quantityKey": "dw-14398"
      },
      {
        "quantity": 4,
        "quantityKey": "dw-14390"
      },
      {
        "quantity": 14,
        "quantityKey": "dw-14452"
      },
      {
        "quantity": 14,
        "quantityKey": "dw-14478"
      },
      {
        "quantity": 14,
        "quantityKey": "dw-14480"
      },
      {
        "quantity": 14,
        "quantityKey": "dw-14428"
      },
      {
        "quantity": 14,
        "quantityKey": "dw-14422"
      },
      {
        "quantity": 14,
        "quantityKey": "dw-14434"
      },
      {
        "quantity": 14,
        "quantityKey": "dw-14442"
      },
      {
        "quantity": 14,
        "quantityKey": "dw-14466"
      },
      {
        "quantity": 14,
        "quantityKey": "dw-14408"
      },
      {
        "quantity": 14,
        "quantityKey": "dw-14458"
      },
      {
        "quantity": 14,
        "quantityKey": "dw-14468"
      },
      {
        "quantity": 14,
        "quantityKey": "dw-14436"
      },
      {
        "quantity": 4,
        "quantityKey": "dw-14406"
      },
      {
        "quantity": 14,
        "quantityKey": "default"
      },
      {
        "quantity": 14,
        "quantityKey": "dw-14460"
      },
      {
        "quantity": 14,
        "quantityKey": "dw-14474"
      },
      {
        "quantity": 14,
        "quantityKey": "dw-14416"
      }
    ],
    "emission": 0,
    "allergies": [
      {
        "id": 13,
        "infoSource": null,
        "level": {
          "enumType": "se.mat.mycroft.enums.AllergyLevel",
          "name": "TRACES"
        },
        "substanceName": "Sesamfrön"
      },
      {
        "id": 1,
        "infoSource": null,
        "level": {
          "enumType": "se.mat.mycroft.enums.AllergyLevel",
          "name": "TRACES"
        },
        "substanceName": "Gluten"
      },
      {
        "id": 10,
        "infoSource": null,
        "level": {
          "enumType": "se.mat.mycroft.enums.AllergyLevel",
          "name": "TRACES"
        },
        "substanceName": "Nötter"
      },
      {
        "id": 3,
        "infoSource": null,
        "level": {
          "enumType": "se.mat.mycroft.enums.AllergyLevel",
          "name": "TRACES"
        },
        "substanceName": "Ägg"
      },
      {
        "id": 6,
        "infoSource": null,
        "level": {
          "enumType": "se.mat.mycroft.enums.AllergyLevel",
          "name": "CONTAINS"
        },
        "substanceName": "Sojabönor"
      },
      {
        "id": 7,
        "infoSource": null,
        "level": {
          "enumType": "se.mat.mycroft.enums.AllergyLevel",
          "name": "CONTAINS"
        },
        "substanceName": "Mjölk"
      }
    ],
    "warehouseProductMappingId": null,
    "productRelationship": {
      "canBeReplacedWithProductIds": [],
      "canBeSubstitutedWithProductIds": [],
      "sameContentProductIds": []
    },
    "soldCount": 353,
    "variety": "",
    "isAgreeWithPersonalTerms": null,
    "hasDeclinedPersonalAgreement": null,
    "probability": null,
    "productCountries": [],
    "productVarieties": [],
    "productBanner": null,
    "isShowOnTopProduct": false,
    "primaryCategoryNamePath": "Mat.se Göteborg/Hälsa & Träning/Bars"
  },
  {
    "id": 101828,
    "dateCreated": "Wed Aug 26 13:03:56 CEST 2020",
    "name": "Cashew Almond Pro Pud Protein Bar",
    "showPrice": "21,50  kr",
    "friendlyUrl": "cashew-almond-pro-pud-protein-bar-njie-55g",
    "formattedName": "Cashew Almond Pro Pud Protein Bar",
    "ean": "7350068294181",
    "countryOfOrigin": "DE",
    "translatedCountryName": "Tyskland",
    "labelTags": [],
    "hasImage": true,
    "imageUrl": "https://d1hr6nb56yyl1.cloudfront.net/product-images/101828-150.jpg",
    "brand": {
      "id": 13382,
      "name": "Propud"
    },
    "categories": [
      {
        "id": 4336,
        "name": "Bars"
      },
      {
        "id": 11474,
        "name": "Bars"
      }
    ],
    "displayBrand": "Propud",
    "favouriteCount": 81,
    "active": true,
    "inStockQuantity": 0,
    "orderable": false,
    "price": 21.5,
    "priceWithoutVat": 19.1964285714,
    "recommendedRetailPrice": null,
    "readableComparisonPrice": "390,91 kr/kg",
    "discount": null,
    "discountedPrice": 0,
    "size": "55G",
    "weightProduct": false,
    "vat": 12,
    "content": "MJÖLK/MELKE/MÆLKEPROTEIN, polydextrossirap (polydextros, vatten), sötningsmedel (maltitol), CASHEWNÖTTER (8,5%), kollagenpeptider (från nöt/biff/okse), fuktighetsbevarande medel (glycerol), kakaosmör, HELMJÖLK/MELK/MÆLKSPULVER, kakaopasta, MANDELPASTA (3,3%), SMÖR/SMØRFETT, salt, emulgeringsmedel/emulgator (SOJA/SOYALECITIN), aromer, sötningsmedel (aspartam, acesulfam K). Innehåller en källa/kilde till fenylalanin/Indeholder en phenylalaninkilde. Innehåller naturligt förekommande socker/Med et naturlig innhold av sukker. Kan innehålla spår/spor av ÄGG/EGG/ÆG, ANDRA NÖTTER/NØTTER/NØDDER, SESAM/SESAMFRØ och VETE/HVETE/HVEDE. Innehåller/holder polyoler.",
    "nutrition": "Näringsvärde per 100 Gram\nenergi 1559 Kilojoule\nenergi 374 Kilokalori\nfett 17 Gram\nvarav mättat fett 7 Gram\nkolhydrat 30 Gram\nvarav sockerarter 2.9 Gram\nsockeralkoholer 23 Gram\nfiber 11 Gram\nprotein 29 Gram\nsalt 0.33 Gram",
    "durability": null,
    "recycling": null,
    "detail": "ProPud Protein Bar Cashew Almond - en proteinbar med mandelsmak, strösslad med cashew samt  överdrag av mjölkchoklad . Utan tillsatt socker och 16 gram protein per bar. Utan palmolja.\n\nFörvaras torrt i rumstemperatur.",
    "storage": "Förvaras torrt i rumstemperatur.",
    "combinedNameWithBrand": "Cashew Almond Pro Pud Protein Bar Propud",
    "averageProductLife": 0,
    "minimumDaysBeforeExpire": 31,
    "averageUnitWeight": 56,
    "weight": 56,
    "isMixable": false,
    "idRequired": 0,
    "tagNames": [],
    "featured": false,
    "campaignRank": 285,
    "availableQuantities": [
      {
        "quantity": 0,
        "quantityKey": "default"
      }
    ],
    "emission": 0,
    "allergies": [
      {
        "id": 3,
        "infoSource": null,
        "level": {
          "enumType": "se.mat.mycroft.enums.AllergyLevel",
          "name": "TRACES"
        },
        "substanceName": "Ägg"
      },
      {
        "id": 1,
        "infoSource": null,
        "level": {
          "enumType": "se.mat.mycroft.enums.AllergyLevel",
          "name": "TRACES"
        },
        "substanceName": "Gluten"
      },
      {
        "id": 13,
        "infoSource": null,
        "level": {
          "enumType": "se.mat.mycroft.enums.AllergyLevel",
          "name": "TRACES"
        },
        "substanceName": "Sesamfrön"
      },
      {
        "id": 10,
        "infoSource": null,
        "level": {
          "enumType": "se.mat.mycroft.enums.AllergyLevel",
          "name": "CONTAINS"
        },
        "substanceName": "Nötter"
      },
      {
        "id": 7,
        "infoSource": null,
        "level": {
          "enumType": "se.mat.mycroft.enums.AllergyLevel",
          "name": "CONTAINS"
        },
        "substanceName": "Mjölk"
      },
      {
        "id": 6,
        "infoSource": null,
        "level": {
          "enumType": "se.mat.mycroft.enums.AllergyLevel",
          "name": "CONTAINS"
        },
        "substanceName": "Sojabönor"
      }
    ],
    "warehouseProductMappingId": null,
    "productRelationship": {
      "canBeReplacedWithProductIds": [],
      "canBeSubstitutedWithProductIds": [],
      "sameContentProductIds": []
    },
    "soldCount": 483,
    "variety": "",
    "isAgreeWithPersonalTerms": null,
    "hasDeclinedPersonalAgreement": null,
    "probability": null,
    "productCountries": [],
    "productVarieties": [],
    "productBanner": null,
    "isShowOnTopProduct": false,
    "primaryCategoryNamePath": "Mat.se Göteborg/Apoteksvaror/Vitaminer, Hälso- & Kosttillskott/Bars"
  },
  {
    "id": 121870,
    "dateCreated": "Thu Feb 04 13:37:00 CET 2021",
    "name": "Protein Bar Peanut",
    "showPrice": "19,95  kr",
    "friendlyUrl": "protein-bar-peanut-nicks-50g",
    "formattedName": "Protein Bar Peanut",
    "ean": "7350104401245",
    "countryOfOrigin": "MK",
    "translatedCountryName": "Makedonien",
    "labelTags": [
      {
        "id": 14,
        "name": "Särnär fri från gluten",
        "tag": "fri_gluten"
      }
    ],
    "hasImage": true,
    "imageUrl": "https://d1hr6nb56yyl1.cloudfront.net/product-images/121870-150.jpg",
    "brand": {
      "id": 12132,
      "name": "Nick´s"
    },
    "categories": [
      {
        "id": 11474,
        "name": "Bars"
      },
      {
        "id": 4336,
        "name": "Bars"
      }
    ],
    "displayBrand": "Nick´s",
    "favouriteCount": 86,
    "active": true,
    "inStockQuantity": 20,
    "orderable": true,
    "price": 19.95000076293945,
    "priceWithoutVat": 17.81250068119594,
    "recommendedRetailPrice": null,
    "readableComparisonPrice": "399 kr/kg",
    "discount": null,
    "discountedPrice": 0,
    "size": "50G",
    "weightProduct": false,
    "vat": 12,
    "content": "MJÖLK/MÆLKprotein, JORDNÖTTER/PEANØTTER (12%), kollagenpeptider, polydextros (fiber), kakaosmör, MJÖLK/MÆLKpulver, sötningsmedel: erytritol, löslig majsfiber, fuktighetsbevarande medel: veg. glycerol, ÄGG/ÆGvitepulver, sötningsmedel: xylitol, kakaomassa, cikoriarotfiber, SMÖR (MJÖLK/MÆLK), sötningsmedel: sorbitol, vegetabilisk olja (kokos, shea), naturliga aromer, salt, emulgeringsmedel: solros/solsikkelecitin, sötningsmedel: steviolglykosider. Kan innehålla spår av SOJA, SESAM och NÖTTER.",
    "nutrition": "Näringsvärde per 100 gram\nEnergi 1531/366 kilojoule/kilokalori\nFett 18.9 gram\nvarav mättat fett 8.5 gram\nKolhydrat 25.1 gram\nvarav sockerarter 4.8 gram\nvarav polyoler 17.9 gram\nFiber 14.5 gram\nProtein 30 gram\nSalt 0.38 gram",
    "durability": null,
    "recycling": null,
    "detail": "En proteinbar med choklad, fudge, jordnötter och 15 g protein. Laddad med prebiotiska fibrer som stimulerar tillväxten av goda tarmbakterier och ökar ditt immunförsvar. Passande för lågkolhydratskost, keto, diabetes, glutenintolerans men främst för alla som vill njuta och må bra på samma gång. 183 kcal/bar, no added sugar, no palm oil, just joy.\n\nUtan tillsatt socker",
    "storage": "Förvaras torrt & svalt: <30°C",
    "combinedNameWithBrand": "Protein Bar Peanut Nick´s",
    "averageProductLife": 0,
    "minimumDaysBeforeExpire": 31,
    "averageUnitWeight": 51,
    "weight": 51,
    "isMixable": false,
    "idRequired": 0,
    "tagNames": [],
    "featured": false,
    "campaignRank": 161,
    "availableQuantities": [
      {
        "quantity": 20,
        "quantityKey": "dw-14414"
      },
      {
        "quantity": 20,
        "quantityKey": "dw-14460"
      },
      {
        "quantity": 20,
        "quantityKey": "dw-14450"
      },
      {
        "quantity": 20,
        "quantityKey": "dw-14452"
      },
      {
        "quantity": 20,
        "quantityKey": "dw-14434"
      },
      {
        "quantity": 20,
        "quantityKey": "dw-14390"
      },
      {
        "quantity": 20,
        "quantityKey": "dw-14398"
      },
      {
        "quantity": 20,
        "quantityKey": "dw-14400"
      },
      {
        "quantity": 20,
        "quantityKey": "dw-14392"
      },
      {
        "quantity": 20,
        "quantityKey": "dw-14474"
      },
      {
        "quantity": 20,
        "quantityKey": "dw-14466"
      },
      {
        "quantity": 20,
        "quantityKey": "default"
      },
      {
        "quantity": 20,
        "quantityKey": "dw-14444"
      },
      {
        "quantity": 20,
        "quantityKey": "dw-14458"
      },
      {
        "quantity": 20,
        "quantityKey": "dw-14442"
      },
      {
        "quantity": 20,
        "quantityKey": "dw-14406"
      },
      {
        "quantity": 20,
        "quantityKey": "dw-14436"
      },
      {
        "quantity": 20,
        "quantityKey": "dw-14416"
      },
      {
        "quantity": 20,
        "quantityKey": "dw-14468"
      },
      {
        "quantity": 20,
        "quantityKey": "dw-14422"
      },
      {
        "quantity": 20,
        "quantityKey": "dw-14426"
      },
      {
        "quantity": 20,
        "quantityKey": "dw-14428"
      },
      {
        "quantity": 20,
        "quantityKey": "dw-14408"
      }
    ],
    "emission": 0,
    "allergies": [
      {
        "id": 13,
        "infoSource": null,
        "level": {
          "enumType": "se.mat.mycroft.enums.AllergyLevel",
          "name": "TRACES"
        },
        "substanceName": "Sesamfrön"
      },
      {
        "id": 3,
        "infoSource": null,
        "level": {
          "enumType": "se.mat.mycroft.enums.AllergyLevel",
          "name": "CONTAINS"
        },
        "substanceName": "Ägg"
      },
      {
        "id": 10,
        "infoSource": null,
        "level": {
          "enumType": "se.mat.mycroft.enums.AllergyLevel",
          "name": "TRACES"
        },
        "substanceName": "Nötter"
      },
      {
        "id": 5,
        "infoSource": null,
        "level": {
          "enumType": "se.mat.mycroft.enums.AllergyLevel",
          "name": "CONTAINS"
        },
        "substanceName": "Jordnötter"
      },
      {
        "id": 7,
        "infoSource": null,
        "level": {
          "enumType": "se.mat.mycroft.enums.AllergyLevel",
          "name": "CONTAINS"
        },
        "substanceName": "Mjölk"
      },
      {
        "id": 6,
        "infoSource": null,
        "level": {
          "enumType": "se.mat.mycroft.enums.AllergyLevel",
          "name": "TRACES"
        },
        "substanceName": "Sojabönor"
      }
    ],
    "warehouseProductMappingId": null,
    "productRelationship": {
      "canBeReplacedWithProductIds": [],
      "canBeSubstitutedWithProductIds": [],
      "sameContentProductIds": []
    },
    "soldCount": 365,
    "variety": "",
    "isAgreeWithPersonalTerms": null,
    "hasDeclinedPersonalAgreement": null,
    "probability": null,
    "productCountries": [],
    "productVarieties": [],
    "productBanner": null,
    "isShowOnTopProduct": false,
    "primaryCategoryNamePath": "Mat.se Göteborg/Hälsa & Träning/Bars"
  },
  {
    "id": 94168,
    "dateCreated": "Wed Nov 08 11:04:00 CET 2017",
    "name": "Protein Packed Peanuts & Chocholate Protein Bar",
    "showPrice": "16,95  kr",
    "friendlyUrl": "protein-packed-eat-natural-45g",
    "formattedName": "Protein Packed Peanuts & Chocholate Protein Bar",
    "ean": "96103890",
    "countryOfOrigin": "GB",
    "translatedCountryName": "Storbritannien",
    "labelTags": [],
    "hasImage": true,
    "imageUrl": "https://d1hr6nb56yyl1.cloudfront.net/product-images/94168-150.jpg",
    "brand": {
      "id": 5586,
      "name": "Eat Natural"
    },
    "categories": [
      {
        "id": 11474,
        "name": "Bars"
      },
      {
        "id": 4336,
        "name": "Bars"
      }
    ],
    "displayBrand": "Eat Natural",
    "favouriteCount": 103,
    "active": true,
    "inStockQuantity": 14,
    "orderable": true,
    "price": 16.95,
    "priceWithoutVat": 15.1339285714,
    "recommendedRetailPrice": null,
    "readableComparisonPrice": "376,67 kr/kg",
    "discount": null,
    "discountedPrice": 0,
    "size": "45G",
    "weightProduct": false,
    "vat": 12,
    "content": "JORDNÖT/PEANØTTER 45%, glukossirap, mörk choklad 12% (kakaomassa, socker, druvsocker, emulgeringsmedel: SOJA-LECITIN), SOJA-PROTEINKRISP 8%, riven kokos 8%, honung, puffat ris (ris, socker), kakaopulver, salt.",
    "nutrition": "Näringsvärde per 100 Gram\nenergi 2082 Kilojoule\nenergi 477 Kilokalori\nfett 29.5 Gram\nvarav mättat fett 10.4 Gram\nkolhydrat 31 Gram\nvarav sockerarter 21.7 Gram\nfiber 6.4 Gram\nprotein 22 Gram\nsalt 0.53 Gram",
    "durability": null,
    "recycling": null,
    "detail": "Glutenfritt, härligt mellanmål som passar alla.\n\nFörvaras svalt och torrt",
    "storage": "Förvaras svalt och torrt",
    "combinedNameWithBrand": "Protein Packed Peanuts & Chocholate Protein Bar Eat Natural",
    "averageProductLife": 0,
    "minimumDaysBeforeExpire": 31,
    "averageUnitWeight": 46,
    "weight": 46,
    "isMixable": false,
    "idRequired": 0,
    "tagNames": [],
    "featured": false,
    "campaignRank": 343,
    "availableQuantities": [
      {
        "quantity": 14,
        "quantityKey": "dw-14408"
      },
      {
        "quantity": 14,
        "quantityKey": "dw-14416"
      },
      {
        "quantity": 14,
        "quantityKey": "dw-14468"
      },
      {
        "quantity": 14,
        "quantityKey": "default"
      },
      {
        "quantity": 14,
        "quantityKey": "dw-14426"
      },
      {
        "quantity": 14,
        "quantityKey": "dw-14406"
      },
      {
        "quantity": 14,
        "quantityKey": "dw-14436"
      },
      {
        "quantity": 14,
        "quantityKey": "dw-14458"
      },
      {
        "quantity": 14,
        "quantityKey": "dw-14398"
      },
      {
        "quantity": 14,
        "quantityKey": "dw-14442"
      },
      {
        "quantity": 7,
        "quantityKey": "dw-14390"
      },
      {
        "quantity": 14,
        "quantityKey": "dw-14444"
      },
      {
        "quantity": 14,
        "quantityKey": "dw-14422"
      },
      {
        "quantity": 14,
        "quantityKey": "dw-14428"
      },
      {
        "quantity": 14,
        "quantityKey": "dw-14392"
      },
      {
        "quantity": 14,
        "quantityKey": "dw-14466"
      },
      {
        "quantity": 14,
        "quantityKey": "dw-14460"
      },
      {
        "quantity": 14,
        "quantityKey": "dw-14452"
      },
      {
        "quantity": 14,
        "quantityKey": "dw-14400"
      },
      {
        "quantity": 14,
        "quantityKey": "dw-14414"
      },
      {
        "quantity": 14,
        "quantityKey": "dw-14434"
      },
      {
        "quantity": 14,
        "quantityKey": "dw-14474"
      },
      {
        "quantity": 14,
        "quantityKey": "dw-14450"
      }
    ],
    "emission": 0,
    "allergies": [
      {
        "id": 5,
        "infoSource": null,
        "level": {
          "enumType": "se.mat.mycroft.enums.AllergyLevel",
          "name": "CONTAINS"
        },
        "substanceName": "Jordnötter"
      },
      {
        "id": 10,
        "infoSource": null,
        "level": {
          "enumType": "se.mat.mycroft.enums.AllergyLevel",
          "name": "TRACES"
        },
        "substanceName": "Nötter"
      },
      {
        "id": 6,
        "infoSource": null,
        "level": {
          "enumType": "se.mat.mycroft.enums.AllergyLevel",
          "name": "CONTAINS"
        },
        "substanceName": "Sojabönor"
      },
      {
        "id": 13,
        "infoSource": null,
        "level": {
          "enumType": "se.mat.mycroft.enums.AllergyLevel",
          "name": "TRACES"
        },
        "substanceName": "Sesamfrön"
      },
      {
        "id": 7,
        "infoSource": null,
        "level": {
          "enumType": "se.mat.mycroft.enums.AllergyLevel",
          "name": "TRACES"
        },
        "substanceName": "Mjölk"
      }
    ],
    "warehouseProductMappingId": null,
    "productRelationship": {
      "canBeReplacedWithProductIds": [],
      "canBeSubstitutedWithProductIds": [
        92890
      ],
      "sameContentProductIds": []
    },
    "soldCount": 681,
    "variety": "",
    "isAgreeWithPersonalTerms": null,
    "hasDeclinedPersonalAgreement": null,
    "probability": null,
    "productCountries": [],
    "productVarieties": [],
    "productBanner": null,
    "isShowOnTopProduct": false,
    "primaryCategoryNamePath": "Mat.se Göteborg/Hälsa & Träning/Bars"
  },
  {
    "id": 64637,
    "dateCreated": "Wed Feb 11 12:35:26 CET 2015",
    "name": "Protein Bar Coconut",
    "showPrice": "12,95  kr",
    "friendlyUrl": "proteinbar-coco-proteinpro-45-g",
    "formattedName": "Protein Bar Coconut",
    "ean": "7350021420510",
    "countryOfOrigin": "SE",
    "translatedCountryName": "Sverige",
    "labelTags": [],
    "hasImage": true,
    "imageUrl": "https://d1hr6nb56yyl1.cloudfront.net/product-images/64637-150.jpg",
    "brand": {
      "id": 5389,
      "name": "PROBRANDS"
    },
    "categories": [
      {
        "id": 11474,
        "name": "Bars"
      },
      {
        "id": 9230,
        "name": "Proteintillskott"
      },
      {
        "id": 4336,
        "name": "Bars"
      }
    ],
    "displayBrand": "PROBRANDS",
    "favouriteCount": 511,
    "active": true,
    "inStockQuantity": 33,
    "orderable": true,
    "price": 12.95,
    "priceWithoutVat": 11.5625,
    "recommendedRetailPrice": null,
    "readableComparisonPrice": "287,78 kr/kg",
    "discount": null,
    "discountedPrice": 0,
    "size": "45G",
    "weightProduct": false,
    "vat": 12,
    "content": "Proteinblandning 40,9% (kollagenhydrolysat, SOJA-/SOYAproteinisolat, vassle-/myse-/valleprotein koncentrat (MJÖLK/MELK/MÆLK), MJÖLK-/MELK-/MÆLK proteinisolat), MJÖLKchoklad/ MELK/MÆLKsjokolade med sötningsmedel/søtstoff 15% (sötningsmedel/søtstoff (maltitol), kakaosmör, hel MJÖLK-/MELK-/MÆLK pulver, kakaomassa, fettreducerad kakaopulver, emulgeringsmedel/emulgator (solros/solsikke lecitin), arom), fuktighetsbevarande medel (glycerol), fruktooligosackarider, sötningsmedel/søtstoff (maltitol), rapsolja, rice crisps (ris, morot/gulrot), kokos 2,9 %, kakaosmör, emulgeringsmedel/emulgator (SOJA-/SOYALECITIN), arom. Kan innehålla spår av JORDNÖT och TRÄDNÖTTER.",
    "nutrition": "Näringsvärde per 100 Gram\nenergi 1596 Kilojoule\nenergi 382 Kilokalori\nfett 14 Gram\nvarav mättat fett 6.4 Gram\nkolhydrat 39 Gram\nvarav sockerarter 3.9 Gram\nsockeralkoholer 23 Gram\nfiber 7.4 Gram\nprotein 38 Gram\nsalt 0.5 Gram",
    "durability": null,
    "recycling": null,
    "detail": "Härlig smak! Högt proteininnehåll! Inget tillsatt socker! Inte så konstigt att det här är en av våra storsäljare!",
    "storage": "Förvaras vid högst 25 °C",
    "combinedNameWithBrand": "Protein Bar Coconut Probrands",
    "averageProductLife": 0,
    "minimumDaysBeforeExpire": 31,
    "averageUnitWeight": 46,
    "weight": 46,
    "isMixable": false,
    "idRequired": 0,
    "tagNames": [
      "mellanmål",
      "energikaka",
      "snack",
      "hälsoliv",
      "proteinbar",
      "Protein",
      "bars",
      "bar",
      "energibar",
      "proteinpro",
      "ProteinPRO Proteinbar Coconut 45 g",
      "återhämtning",
      "hälsa",
      "koksbar",
      "coconut",
      "powerbar",
      "Energybar",
      "Träning&Måbra",
      "viktkontroll",
      "hälsokost"
    ],
    "featured": false,
    "campaignRank": 195,
    "availableQuantities": [
      {
        "quantity": 33,
        "quantityKey": "dw-14414"
      },
      {
        "quantity": 33,
        "quantityKey": "dw-14426"
      },
      {
        "quantity": 33,
        "quantityKey": "dw-14436"
      },
      {
        "quantity": 33,
        "quantityKey": "default"
      },
      {
        "quantity": 33,
        "quantityKey": "dw-14390"
      },
      {
        "quantity": 33,
        "quantityKey": "dw-14450"
      },
      {
        "quantity": 33,
        "quantityKey": "dw-14408"
      },
      {
        "quantity": 33,
        "quantityKey": "dw-14400"
      },
      {
        "quantity": 33,
        "quantityKey": "dw-14460"
      },
      {
        "quantity": 33,
        "quantityKey": "dw-14444"
      },
      {
        "quantity": 33,
        "quantityKey": "dw-14398"
      },
      {
        "quantity": 33,
        "quantityKey": "dw-14466"
      },
      {
        "quantity": 33,
        "quantityKey": "dw-14480"
      },
      {
        "quantity": 33,
        "quantityKey": "dw-14468"
      },
      {
        "quantity": 33,
        "quantityKey": "dw-14452"
      },
      {
        "quantity": 33,
        "quantityKey": "dw-14474"
      },
      {
        "quantity": 33,
        "quantityKey": "dw-14416"
      },
      {
        "quantity": 33,
        "quantityKey": "dw-14428"
      },
      {
        "quantity": 33,
        "quantityKey": "dw-14406"
      },
      {
        "quantity": 33,
        "quantityKey": "dw-14442"
      },
      {
        "quantity": 33,
        "quantityKey": "dw-14478"
      },
      {
        "quantity": 33,
        "quantityKey": "dw-14422"
      },
      {
        "quantity": 33,
        "quantityKey": "dw-14458"
      },
      {
        "quantity": 33,
        "quantityKey": "dw-14434"
      },
      {
        "quantity": 33,
        "quantityKey": "dw-14392"
      }
    ],
    "emission": 0,
    "allergies": [
      {
        "id": 6,
        "infoSource": null,
        "level": {
          "enumType": "se.mat.mycroft.enums.AllergyLevel",
          "name": "CONTAINS"
        },
        "substanceName": "Sojabönor"
      },
      {
        "id": 7,
        "infoSource": null,
        "level": {
          "enumType": "se.mat.mycroft.enums.AllergyLevel",
          "name": "CONTAINS"
        },
        "substanceName": "Mjölk"
      },
      {
        "id": 5,
        "infoSource": null,
        "level": {
          "enumType": "se.mat.mycroft.enums.AllergyLevel",
          "name": "TRACES"
        },
        "substanceName": "Jordnötter"
      },
      {
        "id": 10,
        "infoSource": null,
        "level": {
          "enumType": "se.mat.mycroft.enums.AllergyLevel",
          "name": "TRACES"
        },
        "substanceName": "Nötter"
      }
    ],
    "warehouseProductMappingId": null,
    "productRelationship": {
      "canBeReplacedWithProductIds": [],
      "canBeSubstitutedWithProductIds": [
        95424,
        37256,
        90634,
        64476,
        71870,
        94958
      ],
      "sameContentProductIds": []
    },
    "soldCount": 3386,
    "variety": "",
    "isAgreeWithPersonalTerms": null,
    "hasDeclinedPersonalAgreement": null,
    "probability": null,
    "productCountries": [],
    "productVarieties": [],
    "productBanner": null,
    "isShowOnTopProduct": false,
    "primaryCategoryNamePath": "Mat.se Göteborg/Hälsa & Träning/Bars"
  },
  {
    "id": 128624,
    "dateCreated": "Mon Nov 08 00:21:27 CET 2021",
    "name": "Marshmallow Rocky Road Proteinbar",
    "showPrice": "25,50  kr",
    "friendlyUrl": "xmas-2021-proteinbar-barebells-55g",
    "formattedName": "Marshmallow Rocky Road Proteinbar",
    "ean": "7340001804409",
    "countryOfOrigin": "EU",
    "translatedCountryName": "EU",
    "labelTags": [],
    "hasImage": true,
    "imageUrl": "https://d1hr6nb56yyl1.cloudfront.net/product-images/128624-150.jpg",
    "brand": {
      "id": 3423,
      "name": "Barebells"
    },
    "categories": [
      {
        "id": 11474,
        "name": "Bars"
      }
    ],
    "displayBrand": "Barebells",
    "favouriteCount": 37,
    "active": true,
    "inStockQuantity": 9,
    "orderable": true,
    "price": 25.5,
    "priceWithoutVat": 22.7678571429,
    "recommendedRetailPrice": null,
    "readableComparisonPrice": "463,64 kr/kg",
    "discount": null,
    "discountedPrice": 0,
    "size": "55G",
    "weightProduct": false,
    "vat": 12,
    "content": "MJÖLKPROTEIN, sötningsmedel (maltitol, xylitol, sukralos), fuktighetsbevarande medel (glycerol), kollagenpeptider, kakaosmör, fyllnadsmedel (polydextros), HELMJÖLKSPULVER, JORDNÖTTER, SOJAPROTEIN, kakaomassa, löslig majsfiber, SOJAOLJA, solrosolja, fettreducerat kakaopulver, salt, arom, emulgeringsmedel (SOJALECITIN), tapiokastärkelse. Kan innehålla spår av GLUTEN, ÄGG, NÖTTER och SESAMFRÖ.",
    "nutrition": "Näringsvärde per 100 Gram\nenergi 1587 Kilojoule\nenergi 381 Kilokalori\nfett 18 Gram\nvarav mättat fett 8.6 Gram\nkolhydrat 32 Gram\nvarav sockerarter 3.7 Gram\nfiber 7.1 Gram\nprotein 31 Gram\nsalt 0.86 Gram",
    "durability": null,
    "recycling": null,
    "detail": "Proteinbar med jordnötter (7,5%), ett lager av marshmallow (22%) och mjölkchokladöverdrag (29%). Innehåller sötningsmedel. Innehåller naturligt förekommande socker. Utan palmolja.\n\nÖverdriven konsumtion kan ha laxerande effekt. Sorteras som plastförpackning.\n\nFörvaras i rumstemperatur.",
    "storage": "Förvaras i rumstemperatur.",
    "combinedNameWithBrand": "Marshmallow Rocky Road Proteinbar Barebells",
    "averageProductLife": 0,
    "minimumDaysBeforeExpire": 31,
    "averageUnitWeight": 56,
    "weight": 56,
    "isMixable": false,
    "idRequired": 0,
    "tagNames": [
      "utan",
      "added",
      "No",
      "Sugar",
      "UTS",
      "proteinbar",
      "tillsatt",
      "Socker"
    ],
    "featured": false,
    "campaignRank": 248,
    "availableQuantities": [
      {
        "quantity": 9,
        "quantityKey": "dw-14406"
      },
      {
        "quantity": 9,
        "quantityKey": "default"
      },
      {
        "quantity": 9,
        "quantityKey": "dw-14414"
      },
      {
        "quantity": 9,
        "quantityKey": "dw-14422"
      },
      {
        "quantity": 9,
        "quantityKey": "dw-14450"
      },
      {
        "quantity": 9,
        "quantityKey": "dw-14426"
      },
      {
        "quantity": 9,
        "quantityKey": "dw-14442"
      },
      {
        "quantity": 9,
        "quantityKey": "dw-14428"
      },
      {
        "quantity": 9,
        "quantityKey": "dw-14452"
      },
      {
        "quantity": 9,
        "quantityKey": "dw-14400"
      },
      {
        "quantity": 9,
        "quantityKey": "dw-14392"
      },
      {
        "quantity": 9,
        "quantityKey": "dw-14460"
      },
      {
        "quantity": 9,
        "quantityKey": "dw-14474"
      },
      {
        "quantity": 9,
        "quantityKey": "dw-14416"
      },
      {
        "quantity": 9,
        "quantityKey": "dw-14408"
      },
      {
        "quantity": 9,
        "quantityKey": "dw-14436"
      },
      {
        "quantity": 9,
        "quantityKey": "dw-14444"
      },
      {
        "quantity": 9,
        "quantityKey": "dw-14458"
      },
      {
        "quantity": 9,
        "quantityKey": "dw-14398"
      },
      {
        "quantity": 9,
        "quantityKey": "dw-14434"
      },
      {
        "quantity": 9,
        "quantityKey": "dw-14390"
      },
      {
        "quantity": 9,
        "quantityKey": "dw-14466"
      },
      {
        "quantity": 9,
        "quantityKey": "dw-14468"
      }
    ],
    "emission": 0,
    "allergies": [
      {
        "id": 10,
        "infoSource": null,
        "level": {
          "enumType": "se.mat.mycroft.enums.AllergyLevel",
          "name": "TRACES"
        },
        "substanceName": "Nötter"
      },
      {
        "id": 6,
        "infoSource": null,
        "level": {
          "enumType": "se.mat.mycroft.enums.AllergyLevel",
          "name": "CONTAINS"
        },
        "substanceName": "Sojabönor"
      },
      {
        "id": 1,
        "infoSource": null,
        "level": {
          "enumType": "se.mat.mycroft.enums.AllergyLevel",
          "name": "TRACES"
        },
        "substanceName": "Gluten"
      },
      {
        "id": 7,
        "infoSource": null,
        "level": {
          "enumType": "se.mat.mycroft.enums.AllergyLevel",
          "name": "CONTAINS"
        },
        "substanceName": "Mjölk"
      },
      {
        "id": 5,
        "infoSource": null,
        "level": {
          "enumType": "se.mat.mycroft.enums.AllergyLevel",
          "name": "CONTAINS"
        },
        "substanceName": "Jordnötter"
      },
      {
        "id": 3,
        "infoSource": null,
        "level": {
          "enumType": "se.mat.mycroft.enums.AllergyLevel",
          "name": "TRACES"
        },
        "substanceName": "Ägg"
      },
      {
        "id": 13,
        "infoSource": null,
        "level": {
          "enumType": "se.mat.mycroft.enums.AllergyLevel",
          "name": "TRACES"
        },
        "substanceName": "Sesamfrön"
      }
    ],
    "warehouseProductMappingId": null,
    "productRelationship": {
      "canBeReplacedWithProductIds": [],
      "canBeSubstitutedWithProductIds": [],
      "sameContentProductIds": []
    },
    "soldCount": 172,
    "variety": "",
    "isAgreeWithPersonalTerms": null,
    "hasDeclinedPersonalAgreement": null,
    "probability": null,
    "productCountries": [],
    "productVarieties": [],
    "productBanner": null,
    "isShowOnTopProduct": false,
    "primaryCategoryNamePath": "Mat.se Göteborg/Hälsa & Träning/Bars"
  },
  {
    "id": 104445,
    "dateCreated": "Wed Apr 03 09:04:56 CEST 2019",
    "name": "Swebar Chokladboll Proteinbar",
    "showPrice": "20,50  kr",
    "friendlyUrl": "swebar-chokladboll-proteinbar-dalblads-55g",
    "formattedName": "Swebar Chokladboll Proteinbar",
    "ean": "7350028545865",
    "countryOfOrigin": "SE",
    "translatedCountryName": "Sverige",
    "labelTags": [],
    "hasImage": true,
    "imageUrl": "https://d1hr6nb56yyl1.cloudfront.net/product-images/104445-150.jpg",
    "brand": {
      "id": 1319,
      "name": "DALBLADS"
    },
    "categories": [
      {
        "id": 11474,
        "name": "Bars"
      },
      {
        "id": 4336,
        "name": "Bars"
      },
      {
        "id": 9230,
        "name": "Proteintillskott"
      }
    ],
    "displayBrand": "DALBLADS",
    "favouriteCount": 185,
    "active": true,
    "inStockQuantity": 22,
    "orderable": true,
    "price": 20.5,
    "priceWithoutVat": 18.3035714286,
    "recommendedRetailPrice": null,
    "readableComparisonPrice": "372,73 kr/kg",
    "discount": null,
    "discountedPrice": 0,
    "size": "55G",
    "weightProduct": false,
    "vat": 12,
    "content": "Vassleproteinisolat/myseproteinisolat (från MJÖLK/MELK), mörk choklad/mørk sjokolade (16%) (kakaomassa, socker/sukker, kakaosmör, emulgeringsmedel (SOJALECITIN/SOYALECITIN), arom), glukossirap, fruktossirap, överdrag/overtrekk (socker/sukker, vegetabilisk olja och fett (palm/palme, shea), fettreducerad kakao, emulgeringsmedel (SOJALECITIN/SOYALECITIN, sorbitantristearat), arom), HAVREGRYN (5%), MJÖLKPROTEIN/MELKEPROTEIN, ÄGGVITEPROTEIN/EGGEHVITEPROTEIN, solrosolja/solsikkeolje, torkad/tørket kokos (1,3%), salt, arom. Kan innehålla spår/spor av SOJAPROTEIN/SOYAPROTEIN.",
    "nutrition": "Näringsvärde per 100 Gram\nenergi 1700 Kilojoule\nenergi 410 Kilokalori\nfett 14 Gram\nvarav mättat fett 8.6 Gram\nkolhydrat 43 Gram\nvarav sockerarter 33 Gram\nprotein 30 Gram\nsalt 0.6 Gram",
    "durability": null,
    "recycling": null,
    "detail": "Swebar Original Chokladboll är redan en klassiker med tydlig smak av choklad och havre, toppat med kokosflingor. Med sitt höga proteininnehåll passar den perfekt som återhämtning och belöning efter ett hårt träningspass. Proteinet absorberas snabbt av kroppen och når musklerna omedelbart, vilket är extra bra för dess reparation och uppbyggnad. Med en Swebar efter ett träningspass är du snabbt återhämtad och redo för nästa. Swebar Original Chokladboll  har ej tillsatta nötter.\n\nEfter träning eller som mellanmål",
    "storage": "Förvaras vid högst 25 °C",
    "combinedNameWithBrand": "Swebar Chokladboll Proteinbar Dalblads",
    "averageProductLife": 0,
    "minimumDaysBeforeExpire": 31,
    "averageUnitWeight": 56,
    "weight": 56,
    "isMixable": false,
    "idRequired": 0,
    "tagNames": [],
    "featured": false,
    "campaignRank": 219,
    "availableQuantities": [
      {
        "quantity": 22,
        "quantityKey": "dw-14414"
      },
      {
        "quantity": 22,
        "quantityKey": "dw-14392"
      },
      {
        "quantity": 22,
        "quantityKey": "dw-14474"
      },
      {
        "quantity": 22,
        "quantityKey": "default"
      },
      {
        "quantity": 22,
        "quantityKey": "dw-14450"
      },
      {
        "quantity": 22,
        "quantityKey": "dw-14460"
      },
      {
        "quantity": 22,
        "quantityKey": "dw-14466"
      },
      {
        "quantity": 22,
        "quantityKey": "dw-14400"
      },
      {
        "quantity": 22,
        "quantityKey": "dw-14434"
      },
      {
        "quantity": 22,
        "quantityKey": "dw-14458"
      },
      {
        "quantity": 22,
        "quantityKey": "dw-14444"
      },
      {
        "quantity": 22,
        "quantityKey": "dw-14398"
      },
      {
        "quantity": 22,
        "quantityKey": "dw-14442"
      },
      {
        "quantity": 22,
        "quantityKey": "dw-14468"
      },
      {
        "quantity": 22,
        "quantityKey": "dw-14452"
      },
      {
        "quantity": 22,
        "quantityKey": "dw-14428"
      },
      {
        "quantity": 22,
        "quantityKey": "dw-14416"
      },
      {
        "quantity": 22,
        "quantityKey": "dw-14406"
      },
      {
        "quantity": 22,
        "quantityKey": "dw-14436"
      },
      {
        "quantity": 22,
        "quantityKey": "dw-14422"
      },
      {
        "quantity": 7,
        "quantityKey": "dw-14390"
      },
      {
        "quantity": 22,
        "quantityKey": "dw-14408"
      },
      {
        "quantity": 22,
        "quantityKey": "dw-14426"
      }
    ],
    "emission": 0,
    "allergies": [
      {
        "id": 7,
        "infoSource": null,
        "level": {
          "enumType": "se.mat.mycroft.enums.AllergyLevel",
          "name": "CONTAINS"
        },
        "substanceName": "Mjölk"
      },
      {
        "id": 6,
        "infoSource": null,
        "level": {
          "enumType": "se.mat.mycroft.enums.AllergyLevel",
          "name": "CONTAINS"
        },
        "substanceName": "Sojabönor"
      },
      {
        "id": 3,
        "infoSource": null,
        "level": {
          "enumType": "se.mat.mycroft.enums.AllergyLevel",
          "name": "CONTAINS"
        },
        "substanceName": "Ägg"
      },
      {
        "id": 1,
        "infoSource": null,
        "level": {
          "enumType": "se.mat.mycroft.enums.AllergyLevel",
          "name": "CONTAINS"
        },
        "substanceName": "Gluten"
      }
    ],
    "warehouseProductMappingId": null,
    "productRelationship": {
      "canBeReplacedWithProductIds": [],
      "canBeSubstitutedWithProductIds": [],
      "sameContentProductIds": []
    },
    "soldCount": 858,
    "variety": "",
    "isAgreeWithPersonalTerms": null,
    "hasDeclinedPersonalAgreement": null,
    "probability": null,
    "productCountries": [],
    "productVarieties": [],
    "productBanner": null,
    "isShowOnTopProduct": false,
    "primaryCategoryNamePath": "Mat.se Göteborg/Hälsa & Träning/Bars"
  },
  {
    "id": 119574,
    "dateCreated": "Tue Feb 16 15:52:42 CET 2021",
    "name": "Protein Bar Choco",
    "showPrice": "26,95  kr",
    "friendlyUrl": "protein-bar-choco-be-kind-50g",
    "formattedName": "Protein Bar Choco",
    "ean": "5000159527118",
    "countryOfOrigin": "GB",
    "translatedCountryName": "Storbritannien",
    "labelTags": [
      {
        "id": 14,
        "name": "Särnär fri från gluten",
        "tag": "fri_gluten"
      }
    ],
    "hasImage": true,
    "imageUrl": "https://d1hr6nb56yyl1.cloudfront.net/product-images/119574-150.jpg",
    "brand": {
      "id": 5308,
      "name": "BE-KIND"
    },
    "categories": [
      {
        "id": 11474,
        "name": "Bars"
      },
      {
        "id": 4336,
        "name": "Bars"
      }
    ],
    "displayBrand": "BE-KIND",
    "favouriteCount": 28,
    "active": true,
    "inStockQuantity": 7,
    "orderable": true,
    "price": 26.95000076293945,
    "priceWithoutVat": 24.06250068119594,
    "recommendedRetailPrice": null,
    "readableComparisonPrice": "539 kr/kg",
    "discount": null,
    "discountedPrice": 0,
    "size": "50G",
    "weightProduct": false,
    "vat": 12,
    "content": "JORDNÖT/JORDNØD/PEANØTT, MANDLAR/MANDLER, mörk/mørk choklad/sjokolade/chokolade (socker/sukker, kakaomassa/masse, kakaosmör/kakaosmør, fettreducerat kakaopulver, emulgeringsmedel/emulgator (SOJA-/SOYALECITIN), naturligt ämne/aromastof), glukossirap/glukosesirup, proteincrispies (SOYAPROTEINISOLAT, tapiokastärkelse/tapiokastivelse, salt), honung/honning, kakaomassa/masse, JORDNÖTSSMÖR/PEANØTTSMØR/JORDNØDDESMØR (JORDNÖTTER/JORDNØDDER/PEANØTTER, salt), naturligt ämne/aromastof, emulgeringsmedel/emulgator (SOJA-/SOYALECITIN), Havsalt. (Kan innehålle/inneholde: MJÖLK/MÆLK/MELK och/og andra NÖTTER/NØDDER/NØTTER).",
    "nutrition": "Näringsvärde per 100 Gram\nenergi 2205 Kilojoule\nenergi 530 Kilokalori\nfett 36 Gram\nvarav mättat fett 6.8 Gram\nkolhydrat 27 Gram\nvarav sockerarter 18 Gram\nfiber 6 Gram\nprotein 23 Gram\nsalt 0.6 Gram",
    "durability": null,
    "recycling": null,
    "detail": "Dubbelt upp med smak i denna rika blandning av läcker mörk choklad, krispiga hela nötter och 12g av protein för en tillfredsställande boost av energi.\n\nFörvaras/Opbevares kyligt/køligt och torrt/tørt",
    "storage": "Förvaras/Opbevares kyligt/køligt och torrt/tørt",
    "combinedNameWithBrand": "Protein Bar Choco Be-kind",
    "averageProductLife": 0,
    "minimumDaysBeforeExpire": 31,
    "averageUnitWeight": 51,
    "weight": 51,
    "isMixable": false,
    "idRequired": 0,
    "tagNames": [],
    "featured": false,
    "campaignRank": 478,
    "availableQuantities": [
      {
        "quantity": 7,
        "quantityKey": "dw-14392"
      },
      {
        "quantity": 7,
        "quantityKey": "dw-14390"
      },
      {
        "quantity": 7,
        "quantityKey": "dw-14406"
      },
      {
        "quantity": 7,
        "quantityKey": "dw-14400"
      },
      {
        "quantity": 7,
        "quantityKey": "dw-14426"
      },
      {
        "quantity": 7,
        "quantityKey": "dw-14422"
      },
      {
        "quantity": 7,
        "quantityKey": "dw-14408"
      },
      {
        "quantity": 7,
        "quantityKey": "dw-14434"
      },
      {
        "quantity": 7,
        "quantityKey": "dw-14414"
      },
      {
        "quantity": 7,
        "quantityKey": "dw-14398"
      },
      {
        "quantity": 7,
        "quantityKey": "dw-14416"
      },
      {
        "quantity": 7,
        "quantityKey": "dw-14460"
      },
      {
        "quantity": 7,
        "quantityKey": "dw-14466"
      },
      {
        "quantity": 7,
        "quantityKey": "dw-14474"
      },
      {
        "quantity": 7,
        "quantityKey": "dw-14428"
      },
      {
        "quantity": 7,
        "quantityKey": "dw-14442"
      },
      {
        "quantity": 7,
        "quantityKey": "dw-14436"
      },
      {
        "quantity": 7,
        "quantityKey": "dw-14452"
      },
      {
        "quantity": 7,
        "quantityKey": "dw-14468"
      },
      {
        "quantity": 7,
        "quantityKey": "dw-14450"
      },
      {
        "quantity": 7,
        "quantityKey": "dw-14458"
      },
      {
        "quantity": 7,
        "quantityKey": "dw-14444"
      },
      {
        "quantity": 7,
        "quantityKey": "default"
      }
    ],
    "emission": 0,
    "allergies": [
      {
        "id": 7,
        "infoSource": null,
        "level": {
          "enumType": "se.mat.mycroft.enums.AllergyLevel",
          "name": "TRACES"
        },
        "substanceName": "Mjölk"
      },
      {
        "id": 18,
        "infoSource": null,
        "level": {
          "enumType": "se.mat.mycroft.enums.AllergyLevel",
          "name": "CONTAINS"
        },
        "substanceName": "Mandel"
      },
      {
        "id": 10,
        "infoSource": null,
        "level": {
          "enumType": "se.mat.mycroft.enums.AllergyLevel",
          "name": "TRACES"
        },
        "substanceName": "Nötter"
      },
      {
        "id": 5,
        "infoSource": null,
        "level": {
          "enumType": "se.mat.mycroft.enums.AllergyLevel",
          "name": "CONTAINS"
        },
        "substanceName": "Jordnötter"
      },
      {
        "id": 6,
        "infoSource": null,
        "level": {
          "enumType": "se.mat.mycroft.enums.AllergyLevel",
          "name": "CONTAINS"
        },
        "substanceName": "Sojabönor"
      }
    ],
    "warehouseProductMappingId": null,
    "productRelationship": {
      "canBeReplacedWithProductIds": [],
      "canBeSubstitutedWithProductIds": [],
      "sameContentProductIds": []
    },
    "soldCount": 237,
    "variety": "",
    "isAgreeWithPersonalTerms": null,
    "hasDeclinedPersonalAgreement": null,
    "probability": null,
    "productCountries": [],
    "productVarieties": [],
    "productBanner": null,
    "isShowOnTopProduct": false,
    "primaryCategoryNamePath": "Mat.se Göteborg/Hälsa & Träning/Bars"
  },
  {
    "id": 119568,
    "dateCreated": "Tue Feb 16 15:53:09 CET 2021",
    "name": "Protein Bar Peanut Butter",
    "showPrice": "26,95  kr",
    "friendlyUrl": "protein-bar-peanut-butter-be-kind-50g",
    "formattedName": "Protein Bar Peanut Butter",
    "ean": "5000159527088",
    "countryOfOrigin": "AT",
    "translatedCountryName": "Österrike",
    "labelTags": [
      {
        "id": 14,
        "name": "Särnär fri från gluten",
        "tag": "fri_gluten"
      }
    ],
    "hasImage": true,
    "imageUrl": "https://d1hr6nb56yyl1.cloudfront.net/product-images/119568-150.jpg",
    "brand": {
      "id": 5308,
      "name": "BE-KIND"
    },
    "categories": [
      {
        "id": 4336,
        "name": "Bars"
      },
      {
        "id": 11474,
        "name": "Bars"
      }
    ],
    "displayBrand": "BE-KIND",
    "favouriteCount": 27,
    "active": true,
    "inStockQuantity": 13,
    "orderable": true,
    "price": 26.95,
    "priceWithoutVat": 24.0625,
    "recommendedRetailPrice": null,
    "readableComparisonPrice": "539 kr/kg",
    "discount": null,
    "discountedPrice": 0,
    "size": "50G",
    "weightProduct": false,
    "vat": 12,
    "content": "JORDNÖT/JORDNØD/PEANØTT, jordnøtverdrag/jordnødovertrækk/penøttovertrekk (socker/sukker, palmkärnolja/palmekerneolie, JORDNÖTSMJÖL/JORDNØDDEMEL/PEANØTTMEL, FEDTFRIT/FETTFRITT MÆLKE-/MELKE-/MJÖLKPULVER, JORDNÖTSOLJA/JORDNØDDEOLIE/PEANØTTOLJE, salt, emulgeringsmedel / emulgator (SOJA-/SOYALECITIN)), cikoriarotfiber, SOYAPROTEINISOLAT, honning / honung, glukossirap/glukosesirup, Havsalt, emulgeringsmedel / emulgator (SOJA-/SOYALECITIN). (Kan innehålla: SESAMFRÖN/SESAMFRØ och / og andra NÖTTER / NØDDER / NØTTER).",
    "nutrition": "Näringsvärde per 100 Gram\nenergi 2104 Kilojoule\nenergi 526 Kilokalori\nfett 35 Gram\nvarav mättat fett 8.5 Gram\nkolhydrat 24 Gram\nvarav sockerarter 16 Gram\nfiber 9.6 Gram\nprotein 24 Gram\nsalt 0.69 Gram",
    "durability": null,
    "recycling": null,
    "detail": "Den perfekta mixen av jordnötssmör med extra crunch från hela jordnötter för en läcker växtprotein-hit\n\nFörvaras/Opbevares kyligt/køligt och torrt/tørt",
    "storage": "Förvaras/Opbevares kyligt/køligt och torrt/tørt",
    "combinedNameWithBrand": "Protein Bar Peanut Butter Be-kind",
    "averageProductLife": 0,
    "minimumDaysBeforeExpire": 31,
    "averageUnitWeight": 51,
    "weight": 51,
    "isMixable": false,
    "idRequired": 0,
    "tagNames": [],
    "featured": false,
    "campaignRank": 477,
    "availableQuantities": [
      {
        "quantity": 13,
        "quantityKey": "dw-14442"
      },
      {
        "quantity": 13,
        "quantityKey": "dw-14422"
      },
      {
        "quantity": 13,
        "quantityKey": "dw-14434"
      },
      {
        "quantity": 13,
        "quantityKey": "dw-14468"
      },
      {
        "quantity": 13,
        "quantityKey": "default"
      },
      {
        "quantity": 13,
        "quantityKey": "dw-14466"
      },
      {
        "quantity": 13,
        "quantityKey": "dw-14426"
      },
      {
        "quantity": 13,
        "quantityKey": "dw-14450"
      },
      {
        "quantity": 13,
        "quantityKey": "dw-14460"
      },
      {
        "quantity": 13,
        "quantityKey": "dw-14408"
      },
      {
        "quantity": 13,
        "quantityKey": "dw-14436"
      },
      {
        "quantity": 13,
        "quantityKey": "dw-14406"
      },
      {
        "quantity": 13,
        "quantityKey": "dw-14390"
      },
      {
        "quantity": 13,
        "quantityKey": "dw-14452"
      },
      {
        "quantity": 13,
        "quantityKey": "dw-14398"
      },
      {
        "quantity": 13,
        "quantityKey": "dw-14414"
      },
      {
        "quantity": 13,
        "quantityKey": "dw-14416"
      },
      {
        "quantity": 13,
        "quantityKey": "dw-14428"
      },
      {
        "quantity": 13,
        "quantityKey": "dw-14474"
      },
      {
        "quantity": 13,
        "quantityKey": "dw-14400"
      },
      {
        "quantity": 13,
        "quantityKey": "dw-14444"
      },
      {
        "quantity": 13,
        "quantityKey": "dw-14458"
      },
      {
        "quantity": 13,
        "quantityKey": "dw-14392"
      }
    ],
    "emission": 0,
    "allergies": [
      {
        "id": 6,
        "infoSource": null,
        "level": {
          "enumType": "se.mat.mycroft.enums.AllergyLevel",
          "name": "CONTAINS"
        },
        "substanceName": "Sojabönor"
      },
      {
        "id": 13,
        "infoSource": null,
        "level": {
          "enumType": "se.mat.mycroft.enums.AllergyLevel",
          "name": "TRACES"
        },
        "substanceName": "Sesamfrön"
      },
      {
        "id": 5,
        "infoSource": null,
        "level": {
          "enumType": "se.mat.mycroft.enums.AllergyLevel",
          "name": "CONTAINS"
        },
        "substanceName": "Jordnötter"
      },
      {
        "id": 7,
        "infoSource": null,
        "level": {
          "enumType": "se.mat.mycroft.enums.AllergyLevel",
          "name": "CONTAINS"
        },
        "substanceName": "Mjölk"
      },
      {
        "id": 10,
        "infoSource": null,
        "level": {
          "enumType": "se.mat.mycroft.enums.AllergyLevel",
          "name": "TRACES"
        },
        "substanceName": "Nötter"
      }
    ],
    "warehouseProductMappingId": null,
    "productRelationship": {
      "canBeReplacedWithProductIds": [],
      "canBeSubstitutedWithProductIds": [],
      "sameContentProductIds": []
    },
    "soldCount": 178,
    "variety": "",
    "isAgreeWithPersonalTerms": null,
    "hasDeclinedPersonalAgreement": null,
    "probability": null,
    "productCountries": [],
    "productVarieties": [],
    "productBanner": null,
    "isShowOnTopProduct": false,
    "primaryCategoryNamePath": "Mat.se Göteborg/Apoteksvaror/Vitaminer, Hälso- & Kosttillskott/Bars"
  },
  {
    "id": 100455,
    "dateCreated": "Wed Sep 19 15:01:04 CEST 2018",
    "name": "Hazelnut Caram Propud Protein Bar",
    "showPrice": "22,50  kr",
    "friendlyUrl": "propud-hazelnut-caramel-proteinbar-njie-55g",
    "formattedName": "Hazelnut Caram Propud Protein Bar",
    "ean": "7350068294143",
    "countryOfOrigin": "DE",
    "translatedCountryName": "Tyskland",
    "labelTags": [],
    "hasImage": true,
    "imageUrl": "https://d1hr6nb56yyl1.cloudfront.net/product-images/100455-150.jpg",
    "brand": {
      "id": 13382,
      "name": "Propud"
    },
    "categories": [
      {
        "id": 9230,
        "name": "Proteintillskott"
      },
      {
        "id": 11474,
        "name": "Bars"
      },
      {
        "id": 4336,
        "name": "Bars"
      }
    ],
    "displayBrand": "Propud",
    "favouriteCount": 207,
    "active": true,
    "inStockQuantity": 12,
    "orderable": true,
    "price": 22.5,
    "priceWithoutVat": 20.0892857143,
    "recommendedRetailPrice": null,
    "readableComparisonPrice": "409,09 kr/kg",
    "discount": null,
    "discountedPrice": 0,
    "size": "55G",
    "weightProduct": false,
    "vat": 12,
    "content": "MJÖLK/MELKE/MÆLKEPROTEIN, polydextrossirap (polydextros, vatten), sötningsmedel/søtstoffer (maltitol), kollagenpeptider (från nöt/biff/okse), kakaosmör, HASSELNÖTTER/NØTTER/NØDDER (8,4%), fuktighetsbevarande medel (glycerol), kakaopasta, HELMJÖLK/MELK/MÆLKSPULVER, SMÖR/SMØRFETT, salt, emulgeringsmedel/ emulgator (SOJA/SOYALECITIN), aromer, sötningsmedel/ søtstoffer (acesulfam K, aspartam). Innehåller en källa/kilde till fenylalanin/Indeholder en phenylalaninkilde. Innehåller naturligt förekommande socker/Med et naturlig innhold av sukker. Kan innehålla spår/ spor av ÄGG/EGG/ÆG, ANDRA NÖTTER/NØTTER/NØDDER, SESAM/SESAMFRØ och VETE/HVETE/HVEDE. Innehåller/holder polyoler.",
    "nutrition": "Näringsvärde per 100 Gram\nenergi 1645 Kilojoule\nenergi 395 Kilokalori\nfett 20 Gram\nvarav mättat fett 9.2 Gram\nkolhydrat 29 Gram\nvarav sockerarter 3.3 Gram\nsockeralkoholer 23 Gram\nfiber 10 Gram\nprotein 29 Gram\nsalt 0.33 Gram",
    "durability": null,
    "recycling": null,
    "detail": "ProPud Protein Bar Hazelnut Caramel - en proteinbar med smak av kola, strösslad med hasselnötter samt överdrag av mjölkchoklad. Utan tillsatt socker och 16 gram protein per bar. Utan palmolja.\n\nFörvaras torrt i rumstemperatur.",
    "storage": "Förvaras torrt i rumstemperatur.",
    "combinedNameWithBrand": "Hazelnut Caram Propud Protein Bar",
    "averageProductLife": 0,
    "minimumDaysBeforeExpire": 31,
    "averageUnitWeight": 56,
    "weight": 56,
    "isMixable": false,
    "idRequired": 0,
    "tagNames": [],
    "featured": false,
    "campaignRank": 248,
    "availableQuantities": [
      {
        "quantity": 12,
        "quantityKey": "dw-14398"
      },
      {
        "quantity": 12,
        "quantityKey": "dw-14422"
      },
      {
        "quantity": 12,
        "quantityKey": "dw-14442"
      },
      {
        "quantity": 12,
        "quantityKey": "dw-14444"
      },
      {
        "quantity": 12,
        "quantityKey": "dw-14414"
      },
      {
        "quantity": 12,
        "quantityKey": "dw-14426"
      },
      {
        "quantity": 12,
        "quantityKey": "dw-14392"
      },
      {
        "quantity": 12,
        "quantityKey": "default"
      },
      {
        "quantity": 12,
        "quantityKey": "dw-14434"
      },
      {
        "quantity": 12,
        "quantityKey": "dw-14436"
      },
      {
        "quantity": 12,
        "quantityKey": "dw-14390"
      },
      {
        "quantity": 12,
        "quantityKey": "dw-14408"
      },
      {
        "quantity": 12,
        "quantityKey": "dw-14474"
      },
      {
        "quantity": 12,
        "quantityKey": "dw-14406"
      },
      {
        "quantity": 12,
        "quantityKey": "dw-14416"
      },
      {
        "quantity": 12,
        "quantityKey": "dw-14452"
      },
      {
        "quantity": 12,
        "quantityKey": "dw-14468"
      },
      {
        "quantity": 12,
        "quantityKey": "dw-14458"
      },
      {
        "quantity": 12,
        "quantityKey": "dw-14460"
      },
      {
        "quantity": 12,
        "quantityKey": "dw-14400"
      },
      {
        "quantity": 12,
        "quantityKey": "dw-14428"
      },
      {
        "quantity": 12,
        "quantityKey": "dw-14450"
      },
      {
        "quantity": 12,
        "quantityKey": "dw-14466"
      }
    ],
    "emission": 0,
    "allergies": [
      {
        "id": 3,
        "infoSource": null,
        "level": {
          "enumType": "se.mat.mycroft.enums.AllergyLevel",
          "name": "TRACES"
        },
        "substanceName": "Ägg"
      },
      {
        "id": 1,
        "infoSource": null,
        "level": {
          "enumType": "se.mat.mycroft.enums.AllergyLevel",
          "name": "TRACES"
        },
        "substanceName": "Gluten"
      },
      {
        "id": 7,
        "infoSource": null,
        "level": {
          "enumType": "se.mat.mycroft.enums.AllergyLevel",
          "name": "CONTAINS"
        },
        "substanceName": "Mjölk"
      },
      {
        "id": 13,
        "infoSource": null,
        "level": {
          "enumType": "se.mat.mycroft.enums.AllergyLevel",
          "name": "TRACES"
        },
        "substanceName": "Sesamfrön"
      },
      {
        "id": 6,
        "infoSource": null,
        "level": {
          "enumType": "se.mat.mycroft.enums.AllergyLevel",
          "name": "CONTAINS"
        },
        "substanceName": "Sojabönor"
      },
      {
        "id": 10,
        "infoSource": null,
        "level": {
          "enumType": "se.mat.mycroft.enums.AllergyLevel",
          "name": "CONTAINS"
        },
        "substanceName": "Nötter"
      }
    ],
    "warehouseProductMappingId": null,
    "productRelationship": {
      "canBeReplacedWithProductIds": [],
      "canBeSubstitutedWithProductIds": [],
      "sameContentProductIds": []
    },
    "soldCount": 1190,
    "variety": "",
    "isAgreeWithPersonalTerms": null,
    "hasDeclinedPersonalAgreement": null,
    "probability": null,
    "productCountries": [],
    "productVarieties": [],
    "productBanner": null,
    "isShowOnTopProduct": false,
    "primaryCategoryNamePath": "Mat.se Göteborg/Apoteksvaror/Vitaminer, Hälso- & Kosttillskott/Proteintillskott"
  },
  {
    "id": 119410,
    "dateCreated": "Mon Nov 02 10:01:36 CET 2020",
    "name": "Creamy Crisp Proteinbar",
    "showPrice": "25,50  kr",
    "friendlyUrl": "christmas-holiday-puffs-proteinbar-barebells-55g",
    "formattedName": "Creamy Crisp Proteinbar",
    "ean": "7340001803655",
    "countryOfOrigin": "EU",
    "translatedCountryName": "EU",
    "labelTags": [],
    "hasImage": true,
    "imageUrl": "https://d1hr6nb56yyl1.cloudfront.net/product-images/119410-150.jpg",
    "brand": {
      "id": 3423,
      "name": "Barebells"
    },
    "categories": [
      {
        "id": 11474,
        "name": "Bars"
      },
      {
        "id": 4336,
        "name": "Bars"
      }
    ],
    "displayBrand": "Barebells",
    "favouriteCount": 107,
    "active": true,
    "inStockQuantity": 7,
    "orderable": true,
    "price": 25.5,
    "priceWithoutVat": 22.7678571429,
    "recommendedRetailPrice": null,
    "readableComparisonPrice": "463,64 kr/kg",
    "discount": null,
    "discountedPrice": 0,
    "size": "55G",
    "weightProduct": false,
    "vat": 12,
    "content": "MJÖLK-/MÆLKE-/MELKEPROTEIN, sötningsmedel/sødestoffer/søtstoffer (maltitol, sukralos), fuktighetsbevarande medel/fugtighedsbevarende middel (glycerol), kollagenpeptider, polydextros, kakaosmör, kakaomassa, SOJAKRISP/SOJACHIPS/SOYACRISPS (SOJAPROTEIN/SOYAPROTEIN, tapiokastärkelse/tapiokastivelse, salt), MJÖLK-/MÆLKE-/MELKEPULVER, vatten/vand, solrosolja/solsikkeolie, arom/aromaer, salt, emulgeringsmedel/emulgator (SOJALECITIN/lecithiner fra SOJA/SOYALECITIN). Kan innehålla spår av GLUTEN, ÄGG/ÆG/EGG, JORDNÖTTER/JORDNØDDER/PEANØTTER och NÖTTER/NØDDER/NØTTER",
    "nutrition": "Näringsvärde per 100 Gram\nenergi 1507 Kilojoule\nenergi 361 Kilokalori\nfett 14 Gram\nvarav mättat fett 7 Gram\nkolhydrat 29 Gram\nvarav sockerarter 2 Gram\nfiber 7.4 Gram\nprotein 36 Gram\nsalt 0.53 Gram",
    "durability": null,
    "recycling": null,
    "detail": "Proteinbar med sojapuffar (5%), mjölkchokladöverdrag (22%) och smak av kaka och kola. Innehåller sötningsmedel. Innehåller naturligt förekommande socker. Utan palmolja.\n\nÖverdriven konsumtion kan ha laxerande effekt. Sorteras som plastförpackning.\n\nFörvaras i rumstemperatur.",
    "storage": "Förvaras i rumstemperatur.",
    "combinedNameWithBrand": "Creamy Crisp Proteinbar Barebells",
    "averageProductLife": 0,
    "minimumDaysBeforeExpire": 31,
    "averageUnitWeight": 56,
    "weight": 56,
    "isMixable": false,
    "idRequired": 0,
    "tagNames": [
      "tillsatt",
      "proteinbar",
      "Sugar",
      "No",
      "added",
      "UTS",
      "utan",
      "Socker"
    ],
    "featured": false,
    "campaignRank": 237,
    "availableQuantities": [
      {
        "quantity": 7,
        "quantityKey": "dw-14468"
      },
      {
        "quantity": 7,
        "quantityKey": "dw-14436"
      },
      {
        "quantity": 7,
        "quantityKey": "dw-14478"
      },
      {
        "quantity": 7,
        "quantityKey": "dw-14428"
      },
      {
        "quantity": 7,
        "quantityKey": "dw-14422"
      },
      {
        "quantity": 7,
        "quantityKey": "dw-14398"
      },
      {
        "quantity": 7,
        "quantityKey": "dw-14408"
      },
      {
        "quantity": 7,
        "quantityKey": "dw-14390"
      },
      {
        "quantity": 7,
        "quantityKey": "dw-14480"
      },
      {
        "quantity": 7,
        "quantityKey": "dw-14450"
      },
      {
        "quantity": 7,
        "quantityKey": "default"
      },
      {
        "quantity": 7,
        "quantityKey": "dw-14416"
      },
      {
        "quantity": 7,
        "quantityKey": "dw-14406"
      },
      {
        "quantity": 7,
        "quantityKey": "dw-14466"
      },
      {
        "quantity": 7,
        "quantityKey": "dw-14458"
      },
      {
        "quantity": 7,
        "quantityKey": "dw-14444"
      },
      {
        "quantity": 7,
        "quantityKey": "dw-14474"
      },
      {
        "quantity": 7,
        "quantityKey": "dw-14414"
      },
      {
        "quantity": 7,
        "quantityKey": "dw-14434"
      },
      {
        "quantity": 7,
        "quantityKey": "dw-14442"
      },
      {
        "quantity": 7,
        "quantityKey": "dw-14392"
      },
      {
        "quantity": 7,
        "quantityKey": "dw-14400"
      },
      {
        "quantity": 7,
        "quantityKey": "dw-14426"
      },
      {
        "quantity": 7,
        "quantityKey": "dw-14460"
      },
      {
        "quantity": 7,
        "quantityKey": "dw-14452"
      }
    ],
    "emission": 0,
    "allergies": [
      {
        "id": 5,
        "infoSource": null,
        "level": {
          "enumType": "se.mat.mycroft.enums.AllergyLevel",
          "name": "TRACES"
        },
        "substanceName": "Jordnötter"
      },
      {
        "id": 10,
        "infoSource": null,
        "level": {
          "enumType": "se.mat.mycroft.enums.AllergyLevel",
          "name": "TRACES"
        },
        "substanceName": "Nötter"
      },
      {
        "id": 6,
        "infoSource": null,
        "level": {
          "enumType": "se.mat.mycroft.enums.AllergyLevel",
          "name": "CONTAINS"
        },
        "substanceName": "Sojabönor"
      },
      {
        "id": 7,
        "infoSource": null,
        "level": {
          "enumType": "se.mat.mycroft.enums.AllergyLevel",
          "name": "CONTAINS"
        },
        "substanceName": "Mjölk"
      },
      {
        "id": 1,
        "infoSource": null,
        "level": {
          "enumType": "se.mat.mycroft.enums.AllergyLevel",
          "name": "TRACES"
        },
        "substanceName": "Gluten"
      },
      {
        "id": 3,
        "infoSource": null,
        "level": {
          "enumType": "se.mat.mycroft.enums.AllergyLevel",
          "name": "TRACES"
        },
        "substanceName": "Ägg"
      }
    ],
    "warehouseProductMappingId": null,
    "productRelationship": {
      "canBeReplacedWithProductIds": [],
      "canBeSubstitutedWithProductIds": [],
      "sameContentProductIds": []
    },
    "soldCount": 644,
    "variety": "",
    "isAgreeWithPersonalTerms": null,
    "hasDeclinedPersonalAgreement": null,
    "probability": null,
    "productCountries": [],
    "productVarieties": [],
    "productBanner": null,
    "isShowOnTopProduct": false,
    "primaryCategoryNamePath": "Mat.se Göteborg/Hälsa & Träning/Bars"
  },
  {
    "id": 116033,
    "dateCreated": "Mon Apr 06 10:44:48 CEST 2020",
    "name": "Hazelnut Vegan Bar",
    "showPrice": "25,50  kr",
    "friendlyUrl": "hazelnut-vegan-bar-barebells-55g",
    "formattedName": "Hazelnut Vegan Bar",
    "ean": "7340001803525",
    "countryOfOrigin": "EU",
    "translatedCountryName": "EU",
    "labelTags": [],
    "hasImage": true,
    "imageUrl": "https://d1hr6nb56yyl1.cloudfront.net/product-images/116033-150.jpg",
    "brand": {
      "id": 3423,
      "name": "Barebells"
    },
    "categories": [
      {
        "id": 11474,
        "name": "Bars"
      },
      {
        "id": 4336,
        "name": "Bars"
      }
    ],
    "displayBrand": "Barebells",
    "favouriteCount": 174,
    "active": true,
    "inStockQuantity": 14,
    "orderable": true,
    "price": 25.5,
    "priceWithoutVat": 22.7678571429,
    "recommendedRetailPrice": null,
    "readableComparisonPrice": "463,64 kr/kg",
    "discount": null,
    "discountedPrice": 0,
    "size": "55G",
    "weightProduct": false,
    "vat": 12,
    "content": "Protein (SOJA, ärta, ris), fuktighetsbevarande medel (vegetabilisk glycerol), fiber (polydextros, oligofruktos), sötningsmedel (maltitol, sukralos), kakaosmör, HASSELNÖTTER, kakaomassa, solrosolja, rismjöl, kakaopulver, arom, emulgeringsmedel (SOJALECITIN). Kan innehålla spår av GLUTEN, MJÖLK, ÄGG, JORDNÖTTER och andra NÖTTER.",
    "nutrition": "Näringsvärde per 100 Gram\nenergi 1702 Kilojoule\nenergi 407 Kilokalori\nfett 21 Gram\nvarav mättat fett 8.2 Gram\nkolhydrat 35 Gram\nvarav sockerarter 1.7 Gram\nfiber 12 Gram\nprotein 27 Gram\nsalt 0.58 Gram",
    "durability": null,
    "recycling": null,
    "detail": "Vegansk proteinbar med hasselnötter (8 %) och kakaoöverdrag. Innehåller sötningsmedel.\nInnehåller naturligt förekommande socker. Utan palmolja.\n\nÖverdriven konsumtion kan ha laxerande effekt. Sorteras som plastförpackning.\n\nFörvaras i rumstemperatur.",
    "storage": "Förvaras i rumstemperatur.",
    "combinedNameWithBrand": "Hazelnut Vegan Bar Barebells",
    "averageProductLife": 0,
    "minimumDaysBeforeExpire": 31,
    "averageUnitWeight": 56,
    "weight": 56,
    "isMixable": false,
    "idRequired": 0,
    "tagNames": [
      "bar",
      "Protein",
      "added",
      "vegan",
      "Socker",
      "tillsatt",
      "utan",
      "barebells",
      "Sugar",
      "No",
      "proteinbar",
      "UTS"
    ],
    "featured": false,
    "campaignRank": 241,
    "availableQuantities": [
      {
        "quantity": 14,
        "quantityKey": "dw-14408"
      },
      {
        "quantity": 14,
        "quantityKey": "dw-14416"
      },
      {
        "quantity": 14,
        "quantityKey": "dw-14450"
      },
      {
        "quantity": 14,
        "quantityKey": "dw-14466"
      },
      {
        "quantity": 14,
        "quantityKey": "dw-14428"
      },
      {
        "quantity": 14,
        "quantityKey": "dw-14422"
      },
      {
        "quantity": 14,
        "quantityKey": "default"
      },
      {
        "quantity": 14,
        "quantityKey": "dw-14444"
      },
      {
        "quantity": 14,
        "quantityKey": "dw-14406"
      },
      {
        "quantity": 14,
        "quantityKey": "dw-14442"
      },
      {
        "quantity": 14,
        "quantityKey": "dw-14414"
      },
      {
        "quantity": 14,
        "quantityKey": "dw-14460"
      },
      {
        "quantity": 14,
        "quantityKey": "dw-14452"
      },
      {
        "quantity": 14,
        "quantityKey": "dw-14400"
      },
      {
        "quantity": 14,
        "quantityKey": "dw-14474"
      },
      {
        "quantity": 14,
        "quantityKey": "dw-14458"
      },
      {
        "quantity": 14,
        "quantityKey": "dw-14436"
      },
      {
        "quantity": 14,
        "quantityKey": "dw-14398"
      },
      {
        "quantity": 14,
        "quantityKey": "dw-14390"
      },
      {
        "quantity": 14,
        "quantityKey": "dw-14392"
      },
      {
        "quantity": 14,
        "quantityKey": "dw-14426"
      },
      {
        "quantity": 14,
        "quantityKey": "dw-14468"
      },
      {
        "quantity": 14,
        "quantityKey": "dw-14434"
      }
    ],
    "emission": 0,
    "allergies": [
      {
        "id": 1,
        "infoSource": null,
        "level": {
          "enumType": "se.mat.mycroft.enums.AllergyLevel",
          "name": "TRACES"
        },
        "substanceName": "Gluten"
      },
      {
        "id": 5,
        "infoSource": null,
        "level": {
          "enumType": "se.mat.mycroft.enums.AllergyLevel",
          "name": "TRACES"
        },
        "substanceName": "Jordnötter"
      },
      {
        "id": 7,
        "infoSource": null,
        "level": {
          "enumType": "se.mat.mycroft.enums.AllergyLevel",
          "name": "TRACES"
        },
        "substanceName": "Mjölk"
      },
      {
        "id": 10,
        "infoSource": null,
        "level": {
          "enumType": "se.mat.mycroft.enums.AllergyLevel",
          "name": "CONTAINS"
        },
        "substanceName": "Nötter"
      },
      {
        "id": 6,
        "infoSource": null,
        "level": {
          "enumType": "se.mat.mycroft.enums.AllergyLevel",
          "name": "CONTAINS"
        },
        "substanceName": "Sojabönor"
      },
      {
        "id": 3,
        "infoSource": null,
        "level": {
          "enumType": "se.mat.mycroft.enums.AllergyLevel",
          "name": "TRACES"
        },
        "substanceName": "Ägg"
      }
    ],
    "warehouseProductMappingId": null,
    "productRelationship": {
      "canBeReplacedWithProductIds": [],
      "canBeSubstitutedWithProductIds": [],
      "sameContentProductIds": []
    },
    "soldCount": 1115,
    "variety": "",
    "isAgreeWithPersonalTerms": null,
    "hasDeclinedPersonalAgreement": null,
    "probability": null,
    "productCountries": [],
    "productVarieties": [],
    "productBanner": null,
    "isShowOnTopProduct": false,
    "primaryCategoryNamePath": "Mat.se Göteborg/Hälsa & Träning/Bars"
  },
  {
    "id": 122348,
    "dateCreated": "Mon Mar 29 17:30:27 CEST 2021",
    "name": "Berrylicious Gluten-free",
    "showPrice": "17,50  kr",
    "friendlyUrl": "berrylicious-gluten-free-flapjack-70g",
    "formattedName": "Berrylicious Gluten-free",
    "ean": "7340146503878",
    "countryOfOrigin": "GB",
    "translatedCountryName": "Storbritannien",
    "labelTags": [
      {
        "id": 14,
        "name": "Särnär fri från gluten",
        "tag": "fri_gluten"
      }
    ],
    "hasImage": true,
    "imageUrl": "https://d1hr6nb56yyl1.cloudfront.net/product-images/122348-150.jpg",
    "brand": {
      "id": 12195,
      "name": "Flapjack"
    },
    "categories": [
      {
        "id": 4336,
        "name": "Bars"
      },
      {
        "id": 11474,
        "name": "Bars"
      }
    ],
    "displayBrand": "Flapjack",
    "favouriteCount": 62,
    "active": true,
    "inStockQuantity": 0,
    "orderable": false,
    "price": 17.5,
    "priceWithoutVat": 15.625,
    "recommendedRetailPrice": null,
    "readableComparisonPrice": "250 kr/kg",
    "discount": null,
    "discountedPrice": 0,
    "size": "70G",
    "weightProduct": false,
    "vat": 12,
    "content": "Glutenfria HAVREGRYN (45 %), ljus sirap/lys sirup, vegetabilisk olja (palmolja, rapsolja), socker/ sukker, glutenfritt SOJAmjöl/SOJAmel, frystorkade hallon/frysetørket bringebær/hindbær (1 %), cikoriafibrer, frystorkade jordgubbar/frysetørket jordbær (0,5 %), salt, naturliga smakämnen/smaksstoffer. KAN INNEHÅLLA SPÅR AV: MJÖLK, JORDNÖT, NÖTTER, SEASAM.",
    "nutrition": "Näringsvärde per 100 Gram\nenergi 1799 Kilojoule\nenergi 428 Kilokalori\nfett 18.8 Gram\nvarav mättat fett 8.7 Gram\nkolhydrat 55.5 Gram\nvarav sockerarter 28.5 Gram\nfiber 6 Gram\nprotein 6.8 Gram\nsalt 0.45 Gram",
    "durability": null,
    "recycling": null,
    "detail": "En bakad bar gjord av främst havre och sirap med inslag av torkade bär som ger dig energi för alla vardagliga äventyr. Även om ordet ?Flapjack? har användts för att beskriva engelska desserter sedan 1500-talet, var det först i mitten på 1930-talet som man började beskriva den Flapjack vi känner till idag. Den största skillnaden mellan vanliga mellanmålsbars och Flapjacks är användningen av sirap ? som ger den unika söta smaken. Alla våra Flapjack?s är veganska och innehåller naturliga ingredienser.",
    "storage": "Förvaras vid högst 12 °C",
    "combinedNameWithBrand": "Berrylicious Gluten-free Flapjack",
    "averageProductLife": 0,
    "minimumDaysBeforeExpire": 31,
    "averageUnitWeight": 73,
    "weight": 73,
    "isMixable": false,
    "idRequired": 0,
    "tagNames": [
      "bar",
      "flapjack",
      "Snackbar",
      "Candy People",
      "berry",
      "mellanmål",
      "måltidsersättning",
      "bars"
    ],
    "featured": false,
    "campaignRank": 2147483647,
    "availableQuantities": [
      {
        "quantity": 0,
        "quantityKey": "default"
      }
    ],
    "emission": 0,
    "allergies": [
      {
        "id": 10,
        "infoSource": null,
        "level": {
          "enumType": "se.mat.mycroft.enums.AllergyLevel",
          "name": "TRACES"
        },
        "substanceName": "Nötter"
      },
      {
        "id": 6,
        "infoSource": null,
        "level": {
          "enumType": "se.mat.mycroft.enums.AllergyLevel",
          "name": "CONTAINS"
        },
        "substanceName": "Sojabönor"
      },
      {
        "id": 7,
        "infoSource": null,
        "level": {
          "enumType": "se.mat.mycroft.enums.AllergyLevel",
          "name": "TRACES"
        },
        "substanceName": "Mjölk"
      },
      {
        "id": 5,
        "infoSource": null,
        "level": {
          "enumType": "se.mat.mycroft.enums.AllergyLevel",
          "name": "TRACES"
        },
        "substanceName": "Jordnötter"
      },
      {
        "id": 13,
        "infoSource": null,
        "level": {
          "enumType": "se.mat.mycroft.enums.AllergyLevel",
          "name": "TRACES"
        },
        "substanceName": "Sesamfrön"
      }
    ],
    "warehouseProductMappingId": null,
    "productRelationship": {
      "canBeReplacedWithProductIds": [],
      "canBeSubstitutedWithProductIds": [],
      "sameContentProductIds": []
    },
    "soldCount": 257,
    "variety": "",
    "isAgreeWithPersonalTerms": null,
    "hasDeclinedPersonalAgreement": null,
    "probability": null,
    "productCountries": [],
    "productVarieties": [],
    "productBanner": null,
    "isShowOnTopProduct": false,
    "primaryCategoryNamePath": "Mat.se Göteborg/Apoteksvaror/Vitaminer, Hälso- & Kosttillskott/Bars"
  },
  {
    "id": 119064,
    "dateCreated": "Mon Sep 07 13:04:00 CEST 2020",
    "name": "Proteinbar Jordnöt/choklad",
    "showPrice": "17,50  kr",
    "friendlyUrl": "proteinbar-jordnot-choklad-garant-eko-35g",
    "formattedName": "Proteinbar Jordnöt/choklad",
    "ean": "7340083480065",
    "countryOfOrigin": "SE",
    "translatedCountryName": "Sverige",
    "labelTags": [
      {
        "id": 17,
        "name": "EU-logotype för ekologiska produkter",
        "tag": "eu_eko"
      }
    ],
    "hasImage": true,
    "imageUrl": "https://d1hr6nb56yyl1.cloudfront.net/product-images/119064-150.jpg",
    "brand": {
      "id": 3467,
      "name": "Garant eko"
    },
    "categories": [
      {
        "id": 4336,
        "name": "Bars"
      },
      {
        "id": 11474,
        "name": "Bars"
      }
    ],
    "displayBrand": "Garant eko",
    "favouriteCount": 87,
    "active": true,
    "inStockQuantity": 8,
    "orderable": true,
    "price": 17.5,
    "priceWithoutVat": 15.625,
    "recommendedRetailPrice": null,
    "readableComparisonPrice": "500 kr/kg",
    "discount": null,
    "discountedPrice": 0,
    "size": "35G",
    "weightProduct": false,
    "vat": 12,
    "content": "INGREDIENSER Dadlar *, rostade JORDNÖTTER* 25%, CASHEWNÖTTER*, risprotein* 11%, kakaopulver* 2,8%, salt. Kan innehålla spår av MANDEL, HASSELNÖT och VALNÖT. *Ekologisk ingrediens.",
    "nutrition": "Näringsvärde per 100 Gram\nenergi 1620 Kilojoule\nenergi 387 Kilokalori\nfett 18 Gram\nvarav mättat fett 3.5 Gram\nkolhydrat 37 Gram\nvarav sockerarter 29 Gram\nfiber 10 Gram\nprotein 20 Gram\nsalt 0.9 Gram",
    "durability": null,
    "recycling": null,
    "detail": "Ekologisk proteinbar med smak av jordnöt och kakao. Vegansk, glutenfri och gjord på helt naturliga ingredienser. Det överkorsade axet från Svenska celiakiförbundet intygar att produkten är glutenfri. Perfekt för ett garanterat mättande mellanmål!\n\nUrsprung dadlar: Tunisien. Ursprung jordnötter: Kina. Ursprung kakao: Dominikanska Republiken, Peru.\n\nVarning: Dadlarna är maskinellt skalade, men det kan förekomma rester av skal.KÄLLSORTERING Sorteras som pappersförpackning.\n\nFörvaras torrt och svalt.",
    "storage": "Förvaras torrt och svalt.",
    "combinedNameWithBrand": "Proteinbar Jordnöt/choklad Garant Eko",
    "averageProductLife": 216,
    "minimumDaysBeforeExpire": 31,
    "averageUnitWeight": 36,
    "weight": 36,
    "isMixable": false,
    "idRequired": 0,
    "tagNames": [],
    "featured": false,
    "campaignRank": 2147483647,
    "availableQuantities": [
      {
        "quantity": 8,
        "quantityKey": "dw-14400"
      },
      {
        "quantity": 8,
        "quantityKey": "dw-14422"
      },
      {
        "quantity": 8,
        "quantityKey": "dw-14450"
      },
      {
        "quantity": 8,
        "quantityKey": "dw-14406"
      },
      {
        "quantity": 8,
        "quantityKey": "dw-14458"
      },
      {
        "quantity": 8,
        "quantityKey": "dw-14474"
      },
      {
        "quantity": 8,
        "quantityKey": "dw-14442"
      },
      {
        "quantity": 8,
        "quantityKey": "default"
      },
      {
        "quantity": 8,
        "quantityKey": "dw-14414"
      },
      {
        "quantity": 8,
        "quantityKey": "dw-14436"
      },
      {
        "quantity": 8,
        "quantityKey": "dw-14468"
      },
      {
        "quantity": 8,
        "quantityKey": "dw-14392"
      },
      {
        "quantity": 8,
        "quantityKey": "dw-14390"
      },
      {
        "quantity": 8,
        "quantityKey": "dw-14408"
      },
      {
        "quantity": 8,
        "quantityKey": "dw-14416"
      },
      {
        "quantity": 8,
        "quantityKey": "dw-14466"
      },
      {
        "quantity": 8,
        "quantityKey": "dw-14434"
      },
      {
        "quantity": 8,
        "quantityKey": "dw-14428"
      },
      {
        "quantity": 8,
        "quantityKey": "dw-14426"
      },
      {
        "quantity": 8,
        "quantityKey": "dw-14452"
      },
      {
        "quantity": 8,
        "quantityKey": "dw-14444"
      },
      {
        "quantity": 8,
        "quantityKey": "dw-14460"
      },
      {
        "quantity": 8,
        "quantityKey": "dw-14398"
      }
    ],
    "emission": 0,
    "allergies": [
      {
        "id": 10,
        "infoSource": null,
        "level": {
          "enumType": "se.mat.mycroft.enums.AllergyLevel",
          "name": "CONTAINS"
        },
        "substanceName": "Nötter"
      },
      {
        "id": 5,
        "infoSource": null,
        "level": {
          "enumType": "se.mat.mycroft.enums.AllergyLevel",
          "name": "CONTAINS"
        },
        "substanceName": "Jordnötter"
      }
    ],
    "warehouseProductMappingId": null,
    "productRelationship": {
      "canBeReplacedWithProductIds": [],
      "canBeSubstitutedWithProductIds": [],
      "sameContentProductIds": []
    },
    "soldCount": 362,
    "variety": "",
    "isAgreeWithPersonalTerms": null,
    "hasDeclinedPersonalAgreement": null,
    "probability": null,
    "productCountries": [],
    "productVarieties": [],
    "productBanner": null,
    "isShowOnTopProduct": false,
    "primaryCategoryNamePath": "Mat.se Göteborg/Apoteksvaror/Vitaminer, Hälso- & Kosttillskott/Bars"
  },
  {
    "id": 119066,
    "dateCreated": "Mon Sep 07 13:04:04 CEST 2020",
    "name": "Proteinbar Mandel/kanel",
    "showPrice": "17,50  kr",
    "friendlyUrl": "proteinbar-mandel-kanel-garant-eko-35g",
    "formattedName": "Proteinbar Mandel/kanel",
    "ean": "7340083480072",
    "countryOfOrigin": "SE",
    "translatedCountryName": "Sverige",
    "labelTags": [
      {
        "id": 17,
        "name": "EU-logotype för ekologiska produkter",
        "tag": "eu_eko"
      }
    ],
    "hasImage": true,
    "imageUrl": "https://d1hr6nb56yyl1.cloudfront.net/product-images/119066-150.jpg",
    "brand": {
      "id": 3467,
      "name": "Garant eko"
    },
    "categories": [
      {
        "id": 4336,
        "name": "Bars"
      },
      {
        "id": 11474,
        "name": "Bars"
      }
    ],
    "displayBrand": "Garant eko",
    "favouriteCount": 83,
    "active": true,
    "inStockQuantity": 10,
    "orderable": true,
    "price": 17.5,
    "priceWithoutVat": 15.625,
    "recommendedRetailPrice": null,
    "readableComparisonPrice": "500 kr/kg",
    "discount": null,
    "discountedPrice": 0,
    "size": "35G",
    "weightProduct": false,
    "vat": 12,
    "content": "INGREDIENSER Dadlar* 50%, CASHEWNÖTTER*, risprotein* 14%, hackad SÖTMANDEL* 9%, solrosfrön*, kardemumma*, kanel* 0,6%, salt. Kan innehålla spår av JORDNÖT, HASSELNÖT och VALNÖT. *Ekologisk ingrediens.",
    "nutrition": "Näringsvärde per 100 Gram\nenergi 1571 Kilojoule\nenergi 376 Kilokalori\nfett 17 Gram\nvarav mättat fett 1.8 Gram\nkolhydrat 36 Gram\nvarav sockerarter 29 Gram\nfiber 8 Gram\nprotein 20 Gram\nsalt 0.63 Gram",
    "durability": null,
    "recycling": null,
    "detail": "Ekologisk proteinbar med smak av mandel och kanel. Vegansk, glutenfri och gjord på helt naturliga ingredienser. Det överkorsade axet från Svenska celiakiförbundet intygar att produkten är glutenfri. Perfekt för ett garanterat mättande mellanmål!\n\nUrsprung dadlar: Tunisien. Ursprung kanel: Madagaskar. Ursprung mandel: Spanien.\n\nKÄLLSORTERING Sorteras som pappersförpackning.\n\nFörvaras torrt och svalt",
    "storage": "Förvaras torrt och svalt",
    "combinedNameWithBrand": "Proteinbar Mandel/kanel Garant Eko",
    "averageProductLife": 0,
    "minimumDaysBeforeExpire": 31,
    "averageUnitWeight": 36,
    "weight": 36,
    "isMixable": false,
    "idRequired": 0,
    "tagNames": [],
    "featured": false,
    "campaignRank": 2147483647,
    "availableQuantities": [
      {
        "quantity": 10,
        "quantityKey": "dw-14474"
      },
      {
        "quantity": 10,
        "quantityKey": "dw-14400"
      },
      {
        "quantity": 10,
        "quantityKey": "dw-14450"
      },
      {
        "quantity": 10,
        "quantityKey": "dw-14392"
      },
      {
        "quantity": 10,
        "quantityKey": "dw-14468"
      },
      {
        "quantity": 10,
        "quantityKey": "dw-14460"
      },
      {
        "quantity": 10,
        "quantityKey": "dw-14434"
      },
      {
        "quantity": 10,
        "quantityKey": "dw-14428"
      },
      {
        "quantity": 10,
        "quantityKey": "dw-14416"
      },
      {
        "quantity": 10,
        "quantityKey": "dw-14442"
      },
      {
        "quantity": 10,
        "quantityKey": "dw-14426"
      },
      {
        "quantity": 10,
        "quantityKey": "dw-14390"
      },
      {
        "quantity": 10,
        "quantityKey": "dw-14414"
      },
      {
        "quantity": 10,
        "quantityKey": "dw-14406"
      },
      {
        "quantity": 10,
        "quantityKey": "dw-14422"
      },
      {
        "quantity": 10,
        "quantityKey": "dw-14444"
      },
      {
        "quantity": 10,
        "quantityKey": "dw-14466"
      },
      {
        "quantity": 10,
        "quantityKey": "dw-14436"
      },
      {
        "quantity": 10,
        "quantityKey": "dw-14452"
      },
      {
        "quantity": 10,
        "quantityKey": "dw-14408"
      },
      {
        "quantity": 10,
        "quantityKey": "dw-14458"
      },
      {
        "quantity": 10,
        "quantityKey": "dw-14398"
      },
      {
        "quantity": 10,
        "quantityKey": "default"
      }
    ],
    "emission": 0,
    "allergies": [
      {
        "id": 5,
        "infoSource": null,
        "level": {
          "enumType": "se.mat.mycroft.enums.AllergyLevel",
          "name": "TRACES"
        },
        "substanceName": "Jordnötter"
      },
      {
        "id": 10,
        "infoSource": null,
        "level": {
          "enumType": "se.mat.mycroft.enums.AllergyLevel",
          "name": "CONTAINS"
        },
        "substanceName": "Nötter"
      }
    ],
    "warehouseProductMappingId": null,
    "productRelationship": {
      "canBeReplacedWithProductIds": [],
      "canBeSubstitutedWithProductIds": [],
      "sameContentProductIds": []
    },
    "soldCount": 371,
    "variety": "",
    "isAgreeWithPersonalTerms": null,
    "hasDeclinedPersonalAgreement": null,
    "probability": null,
    "productCountries": [],
    "productVarieties": [],
    "productBanner": null,
    "isShowOnTopProduct": false,
    "primaryCategoryNamePath": "Mat.se Göteborg/Apoteksvaror/Vitaminer, Hälso- & Kosttillskott/Bars"
  },
  {
    "id": 119322,
    "dateCreated": "Wed Sep 02 08:40:44 CEST 2020",
    "name": "Double Bite Chocolate Crisp",
    "showPrice": "25,50  kr",
    "friendlyUrl": "twin-bar-choklad-barebells-55g",
    "formattedName": "Double Bite Chocolate Crisp",
    "ean": "7340001803686",
    "countryOfOrigin": "EU",
    "translatedCountryName": "EU",
    "labelTags": [],
    "hasImage": true,
    "imageUrl": "https://d1hr6nb56yyl1.cloudfront.net/product-images/119322-150.jpg",
    "brand": {
      "id": 3423,
      "name": "Barebells"
    },
    "categories": [
      {
        "id": 11474,
        "name": "Bars"
      },
      {
        "id": 4336,
        "name": "Bars"
      }
    ],
    "displayBrand": "Barebells",
    "favouriteCount": 109,
    "active": true,
    "inStockQuantity": 14,
    "orderable": true,
    "price": 25.5,
    "priceWithoutVat": 22.7678571429,
    "recommendedRetailPrice": null,
    "readableComparisonPrice": "463,64 kr/kg",
    "discount": null,
    "discountedPrice": 0,
    "size": "2PX27,5G",
    "weightProduct": false,
    "vat": 12,
    "content": "Sötningsmedel (maltitol, erytritol, xylitol, sukralos), SOJAPROTEIN, polydextros, kollagenhydrolysat, kakaomassa, kakaosmör, fuktighetsbevarande medel (glycerol), HELMJÖLKSPULVER, kakaopulver, SOJAOLJA, tapiokastärkelse, SKUMMJÖLKSPULVER, MJÖLKPROTEIN, arom, emulgeringsmedel (SOJALECITIN), salt. Kan innehålla spår av GLUTEN, ÄGG, JORDNÖTTER, NÖTTER och SESAMFRÖ.",
    "nutrition": "Näringsvärde per 100 Gram\nenergi 1509 Kilojoule\nenergi 362 Kilokalori\nfett 15 Gram\nvarav mättat fett 8.2 Gram\nkolhydrat 34 Gram\nvarav sockerarter 3.8 Gram\nfiber 13 Gram\nprotein 29 Gram\nsalt 0.89 Gram",
    "durability": null,
    "recycling": null,
    "detail": "Proteinbite med smak av choklad och med mjölkchokladöverdrag (25%). Innehåller sötningsmedel. Innehåller naturligt förekommande socker. Utan palmolja.\n\nÖverdriven konsumtion kan ha laxerande effekt. Sorteras som plastförpackning.\n\nFörvaras i rumstemperatur.",
    "storage": "Förvaras i rumstemperatur.",
    "combinedNameWithBrand": "Double Bite Chocolate Crisp Barebells",
    "averageProductLife": 0,
    "minimumDaysBeforeExpire": 31,
    "averageUnitWeight": 56,
    "weight": 56,
    "isMixable": false,
    "idRequired": 0,
    "tagNames": [
      "tillsatt",
      "No",
      "UTS",
      "added",
      "proteinbar",
      "Sugar",
      "Socker",
      "utan"
    ],
    "featured": false,
    "campaignRank": 246,
    "availableQuantities": [
      {
        "quantity": 14,
        "quantityKey": "dw-14458"
      },
      {
        "quantity": 14,
        "quantityKey": "dw-14460"
      },
      {
        "quantity": 14,
        "quantityKey": "dw-14442"
      },
      {
        "quantity": 14,
        "quantityKey": "dw-14422"
      },
      {
        "quantity": 14,
        "quantityKey": "dw-14426"
      },
      {
        "quantity": 14,
        "quantityKey": "dw-14428"
      },
      {
        "quantity": 14,
        "quantityKey": "dw-14416"
      },
      {
        "quantity": 14,
        "quantityKey": "dw-14414"
      },
      {
        "quantity": 14,
        "quantityKey": "dw-14450"
      },
      {
        "quantity": 14,
        "quantityKey": "dw-14452"
      },
      {
        "quantity": 14,
        "quantityKey": "dw-14400"
      },
      {
        "quantity": 14,
        "quantityKey": "default"
      },
      {
        "quantity": 14,
        "quantityKey": "dw-14390"
      },
      {
        "quantity": 14,
        "quantityKey": "dw-14444"
      },
      {
        "quantity": 14,
        "quantityKey": "dw-14392"
      },
      {
        "quantity": 14,
        "quantityKey": "dw-14474"
      },
      {
        "quantity": 14,
        "quantityKey": "dw-14406"
      },
      {
        "quantity": 14,
        "quantityKey": "dw-14466"
      },
      {
        "quantity": 14,
        "quantityKey": "dw-14468"
      },
      {
        "quantity": 14,
        "quantityKey": "dw-14408"
      },
      {
        "quantity": 14,
        "quantityKey": "dw-14434"
      },
      {
        "quantity": 14,
        "quantityKey": "dw-14398"
      },
      {
        "quantity": 14,
        "quantityKey": "dw-14436"
      }
    ],
    "emission": 0,
    "allergies": [
      {
        "id": 7,
        "infoSource": null,
        "level": {
          "enumType": "se.mat.mycroft.enums.AllergyLevel",
          "name": "CONTAINS"
        },
        "substanceName": "Mjölk"
      },
      {
        "id": 6,
        "infoSource": null,
        "level": {
          "enumType": "se.mat.mycroft.enums.AllergyLevel",
          "name": "CONTAINS"
        },
        "substanceName": "Sojabönor"
      },
      {
        "id": 3,
        "infoSource": null,
        "level": {
          "enumType": "se.mat.mycroft.enums.AllergyLevel",
          "name": "TRACES"
        },
        "substanceName": "Ägg"
      },
      {
        "id": 10,
        "infoSource": null,
        "level": {
          "enumType": "se.mat.mycroft.enums.AllergyLevel",
          "name": "TRACES"
        },
        "substanceName": "Nötter"
      },
      {
        "id": 13,
        "infoSource": null,
        "level": {
          "enumType": "se.mat.mycroft.enums.AllergyLevel",
          "name": "TRACES"
        },
        "substanceName": "Sesamfrön"
      },
      {
        "id": 1,
        "infoSource": null,
        "level": {
          "enumType": "se.mat.mycroft.enums.AllergyLevel",
          "name": "TRACES"
        },
        "substanceName": "Gluten"
      },
      {
        "id": 5,
        "infoSource": null,
        "level": {
          "enumType": "se.mat.mycroft.enums.AllergyLevel",
          "name": "TRACES"
        },
        "substanceName": "Jordnötter"
      }
    ],
    "warehouseProductMappingId": null,
    "productRelationship": {
      "canBeReplacedWithProductIds": [],
      "canBeSubstitutedWithProductIds": [],
      "sameContentProductIds": []
    },
    "soldCount": 549,
    "variety": "",
    "isAgreeWithPersonalTerms": null,
    "hasDeclinedPersonalAgreement": null,
    "probability": null,
    "productCountries": [],
    "productVarieties": [],
    "productBanner": null,
    "isShowOnTopProduct": false,
    "primaryCategoryNamePath": "Mat.se Göteborg/Hälsa & Träning/Bars"
  },
  {
    "id": 60728,
    "dateCreated": "Sun Feb 21 13:13:10 CET 2016",
    "name": "Protein Bar Jordgubb Yoghurt",
    "showPrice": "12,95  kr",
    "friendlyUrl": "proteinbar-s-y-proteinpro-45-g",
    "formattedName": "Protein Bar Jordgubb Yoghurt",
    "ean": "7350021420404",
    "countryOfOrigin": "SE",
    "translatedCountryName": "Sverige",
    "labelTags": [],
    "hasImage": true,
    "imageUrl": "https://d1hr6nb56yyl1.cloudfront.net/product-images/60728-150.jpg",
    "brand": {
      "id": 5389,
      "name": "PROBRANDS"
    },
    "categories": [
      {
        "id": 4336,
        "name": "Bars"
      },
      {
        "id": 9230,
        "name": "Proteintillskott"
      },
      {
        "id": 11474,
        "name": "Bars"
      }
    ],
    "displayBrand": "PROBRANDS",
    "favouriteCount": 378,
    "active": true,
    "inStockQuantity": 26,
    "orderable": true,
    "price": 12.95,
    "priceWithoutVat": 11.5625,
    "recommendedRetailPrice": null,
    "readableComparisonPrice": "287,78 kr/kg",
    "discount": null,
    "discountedPrice": 0,
    "size": "45G",
    "weightProduct": false,
    "vat": 12,
    "content": "Proteinblandning 40,9% (kollagenhydrolysat, SOJA-/SOYAproteinisolat, vassle-/myse-/valleprotein koncentrat (MJÖLK/MELK/MÆLK), MJÖLK-/MELK-/MÆLKproteinisolat), MJÖLKchoklad/ MELK/MÆLK sjokolade med sötningsmedel/søtstoff 15% (sötningsmedel/søtstoff (maltitol), kakaosmör, hel MJÖLK-/MELK-/MÆLKpulver, kakaomassa, fettreducerad kakaopulver, emulgeringsmedel/emulgator (solros/solsikke lecitin), arom), fuktighetsbevarande medel (glycerol), fruktooligosackarider, sötningsmedel/søtstoff (maltitol), rapsolja, rice crisps (ris, morot/gulrot), SOJA flingor/ SOYA flak, torkad jordgubbe 1 %, kakaosmör, rödbetspulver, emulgeringsmedel/emulgator (SOJA-/SOYA lecitin), arom, surhetsreglerande medel: citronsyra. Kan innehålla spår av JORDNÖT och TRÄDNÖTTER.",
    "nutrition": "Näringsvärde per 100 Gram\nenergi 1532 Kilojoule\nenergi 366 Kilokalori\nfett 12 Gram\nvarav mättat fett 4.8 Gram\nkolhydrat 39 Gram\nvarav sockerarter 4.2 Gram\nsockeralkoholer 23 Gram\nfiber 7.1 Gram\nprotein 39 Gram\nsalt 0.5 Gram",
    "durability": null,
    "recycling": null,
    "detail": "38% protein, inget tillsatt socker och ingen palmolja. Perfekt om du letar efter ett nyttigt mellanmål!",
    "storage": "Förvaras vid högst 25 °C",
    "combinedNameWithBrand": "Protein Bar Jordgubb Yoghurt Probrands",
    "averageProductLife": 0,
    "minimumDaysBeforeExpire": 31,
    "averageUnitWeight": 46,
    "weight": 46,
    "isMixable": false,
    "idRequired": 0,
    "tagNames": [
      "idrott",
      "proteinbar",
      "hälsokost",
      "FCB",
      "FIRST",
      "sweden",
      "yoghurtbar",
      "Träning&Måbra",
      "MUSKELBYGGNAD",
      "bar",
      "sport",
      "återhämtning",
      "Strawberry",
      "bars",
      "PROBRANDS",
      "CLASS",
      "Snackbar",
      "träning",
      "mellanmål",
      "BRANDS",
      "ProteinPRO Proteinbar Strawberry/Yoghurt 45 g",
      "hälsoliv",
      "proteinpro",
      "OF",
      "viktkontroll",
      "jordgubbsbar",
      "PB",
      "snack",
      "snacks",
      "Protein"
    ],
    "featured": false,
    "campaignRank": 198,
    "availableQuantities": [
      {
        "quantity": 26,
        "quantityKey": "dw-14408"
      },
      {
        "quantity": 26,
        "quantityKey": "dw-14414"
      },
      {
        "quantity": 26,
        "quantityKey": "dw-14452"
      },
      {
        "quantity": 26,
        "quantityKey": "dw-14460"
      },
      {
        "quantity": 26,
        "quantityKey": "dw-14392"
      },
      {
        "quantity": 26,
        "quantityKey": "dw-14422"
      },
      {
        "quantity": 26,
        "quantityKey": "dw-14390"
      },
      {
        "quantity": 26,
        "quantityKey": "dw-14400"
      },
      {
        "quantity": 26,
        "quantityKey": "dw-14428"
      },
      {
        "quantity": 26,
        "quantityKey": "dw-14416"
      },
      {
        "quantity": 26,
        "quantityKey": "dw-14406"
      },
      {
        "quantity": 26,
        "quantityKey": "dw-14466"
      },
      {
        "quantity": 26,
        "quantityKey": "dw-14444"
      },
      {
        "quantity": 26,
        "quantityKey": "dw-14398"
      },
      {
        "quantity": 26,
        "quantityKey": "dw-14468"
      },
      {
        "quantity": 26,
        "quantityKey": "dw-14450"
      },
      {
        "quantity": 26,
        "quantityKey": "dw-14458"
      },
      {
        "quantity": 26,
        "quantityKey": "dw-14434"
      },
      {
        "quantity": 26,
        "quantityKey": "dw-14426"
      },
      {
        "quantity": 26,
        "quantityKey": "dw-14474"
      },
      {
        "quantity": 26,
        "quantityKey": "default"
      },
      {
        "quantity": 26,
        "quantityKey": "dw-14436"
      },
      {
        "quantity": 26,
        "quantityKey": "dw-14442"
      }
    ],
    "emission": 0,
    "allergies": [
      {
        "id": 7,
        "infoSource": null,
        "level": {
          "enumType": "se.mat.mycroft.enums.AllergyLevel",
          "name": "CONTAINS"
        },
        "substanceName": "Mjölk"
      },
      {
        "id": 10,
        "infoSource": null,
        "level": {
          "enumType": "se.mat.mycroft.enums.AllergyLevel",
          "name": "TRACES"
        },
        "substanceName": "Nötter"
      },
      {
        "id": 5,
        "infoSource": null,
        "level": {
          "enumType": "se.mat.mycroft.enums.AllergyLevel",
          "name": "TRACES"
        },
        "substanceName": "Jordnötter"
      },
      {
        "id": 6,
        "infoSource": null,
        "level": {
          "enumType": "se.mat.mycroft.enums.AllergyLevel",
          "name": "CONTAINS"
        },
        "substanceName": "Sojabönor"
      }
    ],
    "warehouseProductMappingId": null,
    "productRelationship": {
      "canBeReplacedWithProductIds": [],
      "canBeSubstitutedWithProductIds": [],
      "sameContentProductIds": []
    },
    "soldCount": 2219,
    "variety": "",
    "isAgreeWithPersonalTerms": null,
    "hasDeclinedPersonalAgreement": null,
    "probability": null,
    "productCountries": [],
    "productVarieties": [],
    "productBanner": null,
    "isShowOnTopProduct": false,
    "primaryCategoryNamePath": "Mat.se Göteborg/Apoteksvaror/Vitaminer, Hälso- & Kosttillskott/Bars"
  },
  {
    "id": 37273,
    "dateCreated": "Tue Jul 22 13:07:57 CEST 2014",
    "name": "Swebar Mintchoklad Proteinbar",
    "showPrice": "20,50  kr",
    "friendlyUrl": "swebar-mintchocolate-dalblads-nutrition-ab-55g",
    "formattedName": "Swebar Mintchoklad Proteinbar",
    "ean": "7350006710254",
    "countryOfOrigin": "SE",
    "translatedCountryName": "Sverige",
    "labelTags": [],
    "hasImage": true,
    "imageUrl": "https://d1hr6nb56yyl1.cloudfront.net/product-images/37273-150.jpg",
    "brand": {
      "id": 1319,
      "name": "DALBLADS"
    },
    "categories": [
      {
        "id": 11474,
        "name": "Bars"
      },
      {
        "id": 4336,
        "name": "Bars"
      },
      {
        "id": 9230,
        "name": "Proteintillskott"
      }
    ],
    "displayBrand": "DALBLADS",
    "favouriteCount": 389,
    "active": true,
    "inStockQuantity": 31,
    "orderable": true,
    "price": 20.5,
    "priceWithoutVat": 18.3035714286,
    "recommendedRetailPrice": null,
    "readableComparisonPrice": "372,73 kr/kg",
    "discount": null,
    "discountedPrice": 0,
    "size": "55G",
    "weightProduct": false,
    "vat": 12,
    "content": "Vassleproteinisolat/Myseproteinisolat (från MJÖLK/MELK), mörk choklad/mørk sjokolade (18%) (kakaomassa, socker/sukker, kakaosmör, emulgeringsmedel (SOJALECITIN/SOYALECITIN), arom), glukossirap, fruktossirap, överdrag/overtrekk (socker/sukker, vegetabilisk olja och fett (palm/palme, shea), fettreducerad/fettredusert kakao, emulgeringsmedel (SOJALECITIN/SOYALECITIN, sorbitantristearat), arom), MJÖLKPROTEIN/MELKEPROTEIN, ÄGGVITEPROTEIN/EGGEHVITEPROTEIN, proteinkrisp (vassleprotein/myseprotein (från MJÖLK/MELK), rismjöl/rismel, emulgeringsmedel (SOJALECITIN/SOYALECITIN)), arom (mint), emulgeringsmedel (SOJALECITIN/SOYALECITIN). Kan innehålla spår/spor av SOJAPROTEIN/SOYAPROTEIN.",
    "nutrition": "Näringsvärde per 55 Gram\nenergi 900 Kilojoule\nenergi 220 Kilokalori\nfett 6.1 Gram\nvarav mättat fett 4.2 Gram\nkolhydrat 23 Gram\nvarav sockerarter 20 Gram\nprotein 17 Gram\nsalt 0.2 Gram",
    "durability": null,
    "recycling": null,
    "detail": "Swebar Original Mint Chocolate är storsäljaren som aldrig går ur tiden. Med den krämiga chokladen, den friska minten och höga proteinhalten kommer både din kropp och ditt sinne tacka dig efter det hårda träningspasset. Proteinet absorberas snabbt av kroppen och når musklerna omedelbart, vilket är extra bra för dess reparation och uppbyggnad. Swebar Original Mint Chocolate har ej tillsatta nötter.\n\nEfter träning eller som mellanmål\n\nEfter träning eller som mellanmål",
    "storage": "Efter träning eller som mellanmål",
    "combinedNameWithBrand": "Swebar Mintchoklad Proteinbar Dalblads",
    "averageProductLife": 0,
    "minimumDaysBeforeExpire": 31,
    "averageUnitWeight": 56,
    "weight": 56,
    "isMixable": false,
    "idRequired": 0,
    "tagNames": [
      "bar",
      "mellanmål",
      "swebar",
      "energibar",
      "träna",
      "energikaka",
      "återhämtning",
      "hälsa",
      "bars",
      "hälsomat",
      "Protein",
      "snack",
      "träning",
      "proteinbar",
      "energi",
      "Fitness",
      "Träning&Måbra"
    ],
    "featured": false,
    "campaignRank": 214,
    "availableQuantities": [
      {
        "quantity": 31,
        "quantityKey": "dw-14416"
      },
      {
        "quantity": 31,
        "quantityKey": "default"
      },
      {
        "quantity": 31,
        "quantityKey": "dw-14458"
      },
      {
        "quantity": 31,
        "quantityKey": "dw-14406"
      },
      {
        "quantity": 31,
        "quantityKey": "dw-14468"
      },
      {
        "quantity": 31,
        "quantityKey": "dw-14422"
      },
      {
        "quantity": 31,
        "quantityKey": "dw-14408"
      },
      {
        "quantity": 31,
        "quantityKey": "dw-14414"
      },
      {
        "quantity": 31,
        "quantityKey": "dw-14444"
      },
      {
        "quantity": 31,
        "quantityKey": "dw-14392"
      },
      {
        "quantity": 31,
        "quantityKey": "dw-14436"
      },
      {
        "quantity": 31,
        "quantityKey": "dw-14400"
      },
      {
        "quantity": 31,
        "quantityKey": "dw-14460"
      },
      {
        "quantity": 17,
        "quantityKey": "dw-14390"
      },
      {
        "quantity": 31,
        "quantityKey": "dw-14398"
      },
      {
        "quantity": 31,
        "quantityKey": "dw-14428"
      },
      {
        "quantity": 31,
        "quantityKey": "dw-14434"
      },
      {
        "quantity": 31,
        "quantityKey": "dw-14466"
      },
      {
        "quantity": 31,
        "quantityKey": "dw-14442"
      },
      {
        "quantity": 31,
        "quantityKey": "dw-14450"
      },
      {
        "quantity": 31,
        "quantityKey": "dw-14474"
      },
      {
        "quantity": 31,
        "quantityKey": "dw-14478"
      },
      {
        "quantity": 31,
        "quantityKey": "dw-14426"
      },
      {
        "quantity": 31,
        "quantityKey": "dw-14452"
      },
      {
        "quantity": 31,
        "quantityKey": "dw-14480"
      }
    ],
    "emission": 0,
    "allergies": [
      {
        "id": 6,
        "infoSource": null,
        "level": {
          "enumType": "se.mat.mycroft.enums.AllergyLevel",
          "name": "CONTAINS"
        },
        "substanceName": "Sojabönor"
      },
      {
        "id": 7,
        "infoSource": null,
        "level": {
          "enumType": "se.mat.mycroft.enums.AllergyLevel",
          "name": "CONTAINS"
        },
        "substanceName": "Mjölk"
      },
      {
        "id": 3,
        "infoSource": null,
        "level": {
          "enumType": "se.mat.mycroft.enums.AllergyLevel",
          "name": "CONTAINS"
        },
        "substanceName": "Ägg"
      }
    ],
    "warehouseProductMappingId": null,
    "productRelationship": {
      "canBeReplacedWithProductIds": [],
      "canBeSubstitutedWithProductIds": [
        95426
      ],
      "sameContentProductIds": []
    },
    "soldCount": 3088,
    "variety": "",
    "isAgreeWithPersonalTerms": null,
    "hasDeclinedPersonalAgreement": null,
    "probability": null,
    "productCountries": [],
    "productVarieties": [],
    "productBanner": null,
    "isShowOnTopProduct": false,
    "primaryCategoryNamePath": "Mat.se Göteborg/Hälsa & Träning/Bars"
  },
  {
    "id": 94959,
    "dateCreated": "Fri Jan 19 11:51:15 CET 2018",
    "name": "Cookie Dough Propud Protein Bar",
    "showPrice": "21,50  kr",
    "friendlyUrl": "propud-protein-bar-cookie-dough-njie-55g",
    "formattedName": "Cookie Dough Propud Protein Bar",
    "ean": "7350068294082",
    "countryOfOrigin": "DE",
    "translatedCountryName": "Tyskland",
    "labelTags": [],
    "hasImage": true,
    "imageUrl": "https://d1hr6nb56yyl1.cloudfront.net/product-images/94959-150.jpg",
    "brand": {
      "id": 13382,
      "name": "Propud"
    },
    "categories": [
      {
        "id": 11474,
        "name": "Bars"
      },
      {
        "id": 4336,
        "name": "Bars"
      },
      {
        "id": 9230,
        "name": "Proteintillskott"
      }
    ],
    "displayBrand": "Propud",
    "favouriteCount": 354,
    "active": true,
    "inStockQuantity": 21,
    "orderable": true,
    "price": 21.5,
    "priceWithoutVat": 19.1964285714,
    "recommendedRetailPrice": null,
    "readableComparisonPrice": "390,91 kr/kg",
    "discount": null,
    "discountedPrice": 0,
    "size": "55G",
    "weightProduct": false,
    "vat": 12,
    "content": "MJÖLK/MELKE/MÆLKEPROTEIN, sötningsmedel/søtstoffer (maltitol), fuktighetsbevarande medel (glycerol), kakbitar (8,4%)(sötningsmedel/søtstoffer (maltitol, erytitrol, isomalt), potatisstärkelse, majsmjöl, SMÖR/SMØR, fettreducerat kakaopulver, rismjöl, SMÖR/SMØRFETT, modifierad potatisstärkelse, tapiokastärkelse, inulin, salt, aromer, bourbon vaniljextrakt, bakpulver (natriumkarbonater)), kollagenpeptider (från nöt/biff/okse), SMÖR/SMØRFETT, kakaosmör, vatten, HELMJÖLK/MELK/MÆLKSPULVER, sojaproteincrisp med kakao (SOJA/SOYAPROTEINISOLAT, tapiokastärkelse, fettreducerat kakaopulver), kakaomassa, solrosolja/solsikkeolje, fettreducerad kakao, aromer, salt, emulgeringsmedel/emulgator (SOJA/SOYALECITIN), sötningsmedel/søtstoffer (aspartam, acesulfam K). Innehåller en källa/kilde till fenylalanin/Indeholder en phenylalaninkilde. Innehåller naturligt förekommande socker/Med et naturlig innhold av sukker. Kan innehålla spår/spor av ÄGG/EGG/ÆG, NÖTTER/NØTTER/NØDDER, SESAM/SESAMFRØ och VETE/HVETE/HVEDE. Innehåller/holder polyoler.",
    "nutrition": "Näringsvärde per 100 Gram\nenergi 1754 Kilojoule\nenergi 421 Kilokalori\nfett 22 Gram\nvarav mättat fett 12 Gram\nkolhydrat 32 Gram\nvarav sockerarter 2.7 Gram\nsockeralkoholer 25 Gram\nprotein 33 Gram\nsalt 0.44 Gram",
    "durability": null,
    "recycling": null,
    "detail": "ProPud Protein Bar Cookie Dough - en proteinbar med smak av kakdeg, strösslad med kakbitar samt överdrag av mjölkchoklad. Utan tillsatt socker och 18 gram protein per bar. Utan palmolja.\n\nFörvaras torrt i rumstemperatur.",
    "storage": "Förvaras torrt i rumstemperatur.",
    "combinedNameWithBrand": "Cookie Dough Propud Protein Bar",
    "averageProductLife": 0,
    "minimumDaysBeforeExpire": 31,
    "averageUnitWeight": 56,
    "weight": 56,
    "isMixable": false,
    "idRequired": 0,
    "tagNames": [],
    "featured": false,
    "campaignRank": 207,
    "availableQuantities": [
      {
        "quantity": 21,
        "quantityKey": "dw-14458"
      },
      {
        "quantity": 21,
        "quantityKey": "dw-14400"
      },
      {
        "quantity": 21,
        "quantityKey": "dw-14408"
      },
      {
        "quantity": 21,
        "quantityKey": "dw-14474"
      },
      {
        "quantity": 21,
        "quantityKey": "dw-14442"
      },
      {
        "quantity": 21,
        "quantityKey": "dw-14444"
      },
      {
        "quantity": 21,
        "quantityKey": "dw-14428"
      },
      {
        "quantity": 21,
        "quantityKey": "dw-14466"
      },
      {
        "quantity": 21,
        "quantityKey": "dw-14478"
      },
      {
        "quantity": 21,
        "quantityKey": "default"
      },
      {
        "quantity": 21,
        "quantityKey": "dw-14422"
      },
      {
        "quantity": 21,
        "quantityKey": "dw-14398"
      },
      {
        "quantity": 21,
        "quantityKey": "dw-14392"
      },
      {
        "quantity": 21,
        "quantityKey": "dw-14450"
      },
      {
        "quantity": 21,
        "quantityKey": "dw-14426"
      },
      {
        "quantity": 21,
        "quantityKey": "dw-14460"
      },
      {
        "quantity": 21,
        "quantityKey": "dw-14436"
      },
      {
        "quantity": 21,
        "quantityKey": "dw-14416"
      },
      {
        "quantity": 21,
        "quantityKey": "dw-14406"
      },
      {
        "quantity": 21,
        "quantityKey": "dw-14414"
      },
      {
        "quantity": 21,
        "quantityKey": "dw-14480"
      },
      {
        "quantity": 11,
        "quantityKey": "dw-14390"
      },
      {
        "quantity": 21,
        "quantityKey": "dw-14468"
      },
      {
        "quantity": 21,
        "quantityKey": "dw-14452"
      },
      {
        "quantity": 21,
        "quantityKey": "dw-14434"
      }
    ],
    "emission": 0,
    "allergies": [
      {
        "id": 3,
        "infoSource": null,
        "level": {
          "enumType": "se.mat.mycroft.enums.AllergyLevel",
          "name": "TRACES"
        },
        "substanceName": "Ägg"
      },
      {
        "id": 6,
        "infoSource": null,
        "level": {
          "enumType": "se.mat.mycroft.enums.AllergyLevel",
          "name": "CONTAINS"
        },
        "substanceName": "Sojabönor"
      },
      {
        "id": 7,
        "infoSource": null,
        "level": {
          "enumType": "se.mat.mycroft.enums.AllergyLevel",
          "name": "CONTAINS"
        },
        "substanceName": "Mjölk"
      },
      {
        "id": 10,
        "infoSource": null,
        "level": {
          "enumType": "se.mat.mycroft.enums.AllergyLevel",
          "name": "TRACES"
        },
        "substanceName": "Nötter"
      },
      {
        "id": 13,
        "infoSource": null,
        "level": {
          "enumType": "se.mat.mycroft.enums.AllergyLevel",
          "name": "TRACES"
        },
        "substanceName": "Sesamfrön"
      },
      {
        "id": 1,
        "infoSource": null,
        "level": {
          "enumType": "se.mat.mycroft.enums.AllergyLevel",
          "name": "TRACES"
        },
        "substanceName": "Gluten"
      }
    ],
    "warehouseProductMappingId": null,
    "productRelationship": {
      "canBeReplacedWithProductIds": [],
      "canBeSubstitutedWithProductIds": [
        93849,
        90633,
        29294
      ],
      "sameContentProductIds": []
    },
    "soldCount": 2153,
    "variety": "",
    "isAgreeWithPersonalTerms": null,
    "hasDeclinedPersonalAgreement": null,
    "probability": null,
    "productCountries": [],
    "productVarieties": [],
    "productBanner": null,
    "isShowOnTopProduct": false,
    "primaryCategoryNamePath": "Mat.se Göteborg/Hälsa & Träning/Bars"
  },
  {
    "id": 124734,
    "dateCreated": "Fri Apr 09 09:24:56 CEST 2021",
    "name": "Double Bite Peanut Crisp",
    "showPrice": "25,50  kr",
    "friendlyUrl": "double-bite-peanut-crisp-barebells-55g",
    "formattedName": "Double Bite Peanut Crisp",
    "ean": "7340001804157",
    "countryOfOrigin": "EU",
    "translatedCountryName": "EU",
    "labelTags": [],
    "hasImage": true,
    "imageUrl": "https://d1hr6nb56yyl1.cloudfront.net/product-images/124734-150.jpg",
    "brand": {
      "id": 3423,
      "name": "Barebells"
    },
    "categories": [
      {
        "id": 11474,
        "name": "Bars"
      },
      {
        "id": 4336,
        "name": "Bars"
      }
    ],
    "displayBrand": "Barebells",
    "favouriteCount": 64,
    "active": true,
    "inStockQuantity": 25,
    "orderable": true,
    "price": 25.5,
    "priceWithoutVat": 22.7678571429,
    "recommendedRetailPrice": null,
    "readableComparisonPrice": "463,64 kr/kg",
    "discount": null,
    "discountedPrice": 0,
    "size": "55G",
    "weightProduct": false,
    "vat": 12,
    "content": "Sötningsmedel (maltitol, erytritol, sucralos), SOJAPROTEIN, fyllnadsmedel (polydextros), kakaosmör, fuktighetsbevarande medel (glycerol), MJÖLKPULVER, kollagenhydrolysat, JORDNÖTTER, kakaomassa, SOJAOLJA, tapiokastärkelse, SOJAGRANULAT, arom, salt, emulgeringsmedel (SOJALECITIN). Kan innehålla spår av GLUTEN, ÄGG, NÖTTER och SESAMFRÖ.",
    "nutrition": "Näringsvärde per 100 Gram\nenergi 1564 Kilojoule\nenergi 376 Kilokalori\nfett 17 Gram\nvarav mättat fett 8.3 Gram\nkolhydrat 35 Gram\nvarav sockerarter 3.5 Gram\nfiber 9 Gram\nprotein 28 Gram\nsalt 1.2 Gram",
    "durability": null,
    "recycling": null,
    "detail": "Proteinbite med jordnötter (5%) och mjölkchokladöverdrag (26%). Innehåller sötningsmedel. Innehåller naturligt förekommande socker. Utan palmolja.\n\nÖverdriven konsumtion kan ha laxerande effekt. Sorteras som plastförpackning.\n\nFörvaras i rumstemperatur.",
    "storage": "Förvaras i rumstemperatur.",
    "combinedNameWithBrand": "Double Bite Peanut Crisp Barebells",
    "averageProductLife": 0,
    "minimumDaysBeforeExpire": 31,
    "averageUnitWeight": 56,
    "weight": 56,
    "isMixable": false,
    "idRequired": 0,
    "tagNames": [
      "utan",
      "UTS",
      "Sugar",
      "added",
      "tillsatt",
      "No",
      "proteinbar",
      "palmolja",
      "Socker"
    ],
    "featured": false,
    "campaignRank": 250,
    "availableQuantities": [
      {
        "quantity": 17,
        "quantityKey": "dw-14390"
      },
      {
        "quantity": 25,
        "quantityKey": "dw-14452"
      },
      {
        "quantity": 25,
        "quantityKey": "dw-14474"
      },
      {
        "quantity": 25,
        "quantityKey": "default"
      },
      {
        "quantity": 17,
        "quantityKey": "dw-14392"
      },
      {
        "quantity": 25,
        "quantityKey": "dw-14414"
      },
      {
        "quantity": 25,
        "quantityKey": "dw-14400"
      },
      {
        "quantity": 25,
        "quantityKey": "dw-14408"
      },
      {
        "quantity": 25,
        "quantityKey": "dw-14450"
      },
      {
        "quantity": 25,
        "quantityKey": "dw-14416"
      },
      {
        "quantity": 25,
        "quantityKey": "dw-14428"
      },
      {
        "quantity": 25,
        "quantityKey": "dw-14422"
      },
      {
        "quantity": 25,
        "quantityKey": "dw-14458"
      },
      {
        "quantity": 17,
        "quantityKey": "dw-14398"
      },
      {
        "quantity": 25,
        "quantityKey": "dw-14406"
      },
      {
        "quantity": 25,
        "quantityKey": "dw-14442"
      },
      {
        "quantity": 25,
        "quantityKey": "dw-14468"
      },
      {
        "quantity": 25,
        "quantityKey": "dw-14426"
      },
      {
        "quantity": 25,
        "quantityKey": "dw-14460"
      },
      {
        "quantity": 25,
        "quantityKey": "dw-14444"
      },
      {
        "quantity": 25,
        "quantityKey": "dw-14466"
      },
      {
        "quantity": 25,
        "quantityKey": "dw-14436"
      },
      {
        "quantity": 25,
        "quantityKey": "dw-14434"
      }
    ],
    "emission": 0,
    "allergies": [
      {
        "id": 3,
        "infoSource": null,
        "level": {
          "enumType": "se.mat.mycroft.enums.AllergyLevel",
          "name": "TRACES"
        },
        "substanceName": "Ägg"
      },
      {
        "id": 7,
        "infoSource": null,
        "level": {
          "enumType": "se.mat.mycroft.enums.AllergyLevel",
          "name": "CONTAINS"
        },
        "substanceName": "Mjölk"
      },
      {
        "id": 5,
        "infoSource": null,
        "level": {
          "enumType": "se.mat.mycroft.enums.AllergyLevel",
          "name": "CONTAINS"
        },
        "substanceName": "Jordnötter"
      },
      {
        "id": 10,
        "infoSource": null,
        "level": {
          "enumType": "se.mat.mycroft.enums.AllergyLevel",
          "name": "TRACES"
        },
        "substanceName": "Nötter"
      },
      {
        "id": 1,
        "infoSource": null,
        "level": {
          "enumType": "se.mat.mycroft.enums.AllergyLevel",
          "name": "TRACES"
        },
        "substanceName": "Gluten"
      },
      {
        "id": 6,
        "infoSource": null,
        "level": {
          "enumType": "se.mat.mycroft.enums.AllergyLevel",
          "name": "CONTAINS"
        },
        "substanceName": "Sojabönor"
      },
      {
        "id": 13,
        "infoSource": null,
        "level": {
          "enumType": "se.mat.mycroft.enums.AllergyLevel",
          "name": "TRACES"
        },
        "substanceName": "Sesamfrön"
      }
    ],
    "warehouseProductMappingId": null,
    "productRelationship": {
      "canBeReplacedWithProductIds": [],
      "canBeSubstitutedWithProductIds": [],
      "sameContentProductIds": []
    },
    "soldCount": 428,
    "variety": "",
    "isAgreeWithPersonalTerms": null,
    "hasDeclinedPersonalAgreement": null,
    "probability": null,
    "productCountries": [],
    "productVarieties": [],
    "productBanner": null,
    "isShowOnTopProduct": false,
    "primaryCategoryNamePath": "Mat.se Göteborg/Hälsa & Träning/Bars"
  },
  {
    "id": 60726,
    "dateCreated": "Sun Feb 21 13:23:44 CET 2016",
    "name": "Protein Bar Toffee/caramel",
    "showPrice": "12,95  kr",
    "friendlyUrl": "proteinbar-t-c-proteinpro-45-g",
    "formattedName": "Protein Bar Toffee/caramel",
    "ean": "7350021420428",
    "countryOfOrigin": "SE",
    "translatedCountryName": "Sverige",
    "labelTags": [],
    "hasImage": true,
    "imageUrl": "https://d1hr6nb56yyl1.cloudfront.net/product-images/60726-150.jpg",
    "brand": {
      "id": 5389,
      "name": "PROBRANDS"
    },
    "categories": [
      {
        "id": 4336,
        "name": "Bars"
      },
      {
        "id": 11474,
        "name": "Bars"
      },
      {
        "id": 9230,
        "name": "Proteintillskott"
      }
    ],
    "displayBrand": "PROBRANDS",
    "favouriteCount": 539,
    "active": true,
    "inStockQuantity": 42,
    "orderable": true,
    "price": 12.95,
    "priceWithoutVat": 11.5625,
    "recommendedRetailPrice": null,
    "readableComparisonPrice": "287,78 kr/kg",
    "discount": null,
    "discountedPrice": 0,
    "size": "45G",
    "weightProduct": false,
    "vat": 12,
    "content": "Proteinblandning 40,9% (kollagenhydrolysat, SOJA-/SOYAproteinisolat, vassle-/myse-/valleprotein koncentrat (MJÖLK/MELK/MÆLK), MJÖLK-/MELK-/MÆLKproteinisolat), MJÖLKchoklad/ MELK/MÆLKsjokolade med sötningsmedel/søtstoff 15% (sötningsmedel/søtstoff (maltitol), kakaosmör, helMJÖLK-/MELK-/MÆLKpulver, kakaomassa, fettreducerad kakaopulver, emulgeringsmedel/emulgator (solros/solsikke lecitin), arom), fuktighetsbevarande medel (glycerol), fruktooligosackarider, sötningsmedel/søtstoff (maltitol), rapsolja, rice crisps (ris, morot/gulrot), kakaopulver, kakaosmör, kokos, emulgeringsmedel/emulgator (SOJA-/SOYA lecitin), arom. Kan innehålla spår av JORDNÖT och TRÄDNÖTTER.",
    "nutrition": "Näringsvärde per 45 Gram\nenergi 708 Kilojoule\nenergi 169 Kilokalori\nfett 5.9 Gram\nvarav mättat fett 2.5 Gram\nkolhydrat 18 Gram\nvarav sockerarter 1.7 Gram\nsockeralkoholer 10 Gram\nfiber 3.5 Gram\nprotein 17 Gram\nsalt 0.23 Gram",
    "durability": null,
    "recycling": null,
    "detail": "Härlig smak! Högt proteininnehåll! Inget tillsatt socker! Inte så konstigt att det här är en av våra storsäljare!",
    "storage": "Förvaras vid högst 25 °C",
    "combinedNameWithBrand": "Protein Bar Toffee/caramel Probrands",
    "averageProductLife": 0,
    "minimumDaysBeforeExpire": 31,
    "averageUnitWeight": 46,
    "weight": 46,
    "isMixable": false,
    "idRequired": 0,
    "tagNames": [
      "Fitness",
      "hälsa",
      "proteinpro",
      "träning",
      "träna",
      "mellanmål",
      "hälsokost",
      "muskelbyggning",
      "gym",
      "energibar",
      "proteinbar",
      "Träning&Måbra",
      "energi",
      "powerbar",
      "Protein",
      "bars",
      "återhämtning",
      "bar",
      "Energybar",
      "PROTEINPRO Proteinbar T/C 45 g",
      "snack"
    ],
    "featured": false,
    "campaignRank": 117,
    "availableQuantities": [
      {
        "quantity": 42,
        "quantityKey": "dw-14390"
      },
      {
        "quantity": 42,
        "quantityKey": "dw-14398"
      },
      {
        "quantity": 42,
        "quantityKey": "dw-14414"
      },
      {
        "quantity": 42,
        "quantityKey": "dw-14426"
      },
      {
        "quantity": 42,
        "quantityKey": "dw-14434"
      },
      {
        "quantity": 42,
        "quantityKey": "dw-14408"
      },
      {
        "quantity": 42,
        "quantityKey": "dw-14428"
      },
      {
        "quantity": 42,
        "quantityKey": "dw-14466"
      },
      {
        "quantity": 42,
        "quantityKey": "dw-14422"
      },
      {
        "quantity": 42,
        "quantityKey": "dw-14450"
      },
      {
        "quantity": 42,
        "quantityKey": "dw-14460"
      },
      {
        "quantity": 42,
        "quantityKey": "dw-14392"
      },
      {
        "quantity": 42,
        "quantityKey": "dw-14400"
      },
      {
        "quantity": 42,
        "quantityKey": "dw-14452"
      },
      {
        "quantity": 42,
        "quantityKey": "dw-14442"
      },
      {
        "quantity": 42,
        "quantityKey": "default"
      },
      {
        "quantity": 42,
        "quantityKey": "dw-14406"
      },
      {
        "quantity": 42,
        "quantityKey": "dw-14444"
      },
      {
        "quantity": 42,
        "quantityKey": "dw-14416"
      },
      {
        "quantity": 42,
        "quantityKey": "dw-14436"
      },
      {
        "quantity": 42,
        "quantityKey": "dw-14458"
      },
      {
        "quantity": 42,
        "quantityKey": "dw-14468"
      },
      {
        "quantity": 42,
        "quantityKey": "dw-14474"
      }
    ],
    "emission": 0,
    "allergies": [
      {
        "id": 7,
        "infoSource": null,
        "level": {
          "enumType": "se.mat.mycroft.enums.AllergyLevel",
          "name": "CONTAINS"
        },
        "substanceName": "Mjölk"
      },
      {
        "id": 10,
        "infoSource": null,
        "level": {
          "enumType": "se.mat.mycroft.enums.AllergyLevel",
          "name": "TRACES"
        },
        "substanceName": "Nötter"
      },
      {
        "id": 6,
        "infoSource": null,
        "level": {
          "enumType": "se.mat.mycroft.enums.AllergyLevel",
          "name": "CONTAINS"
        },
        "substanceName": "Sojabönor"
      },
      {
        "id": 5,
        "infoSource": null,
        "level": {
          "enumType": "se.mat.mycroft.enums.AllergyLevel",
          "name": "TRACES"
        },
        "substanceName": "Jordnötter"
      }
    ],
    "warehouseProductMappingId": null,
    "productRelationship": {
      "canBeReplacedWithProductIds": [],
      "canBeSubstitutedWithProductIds": [
        90632,
        94962,
        87829,
        93356
      ],
      "sameContentProductIds": []
    },
    "soldCount": 3328,
    "variety": "",
    "isAgreeWithPersonalTerms": null,
    "hasDeclinedPersonalAgreement": null,
    "probability": null,
    "productCountries": [],
    "productVarieties": [],
    "productBanner": null,
    "isShowOnTopProduct": false,
    "primaryCategoryNamePath": "Mat.se Göteborg/Apoteksvaror/Vitaminer, Hälso- & Kosttillskott/Bars"
  },
  {
    "id": 37256,
    "dateCreated": "Tue Jul 22 13:07:57 CEST 2014",
    "name": "Swebar Cocos Proteinbar",
    "showPrice": "20,50  kr",
    "friendlyUrl": "swebar-cocos-dalblads-nutrition-ab-55g",
    "formattedName": "Swebar Cocos Proteinbar",
    "ean": "7350006712579",
    "countryOfOrigin": "EU",
    "translatedCountryName": "EU",
    "labelTags": [],
    "hasImage": true,
    "imageUrl": "https://d1hr6nb56yyl1.cloudfront.net/product-images/37256-150.jpg",
    "brand": {
      "id": 1319,
      "name": "DALBLADS"
    },
    "categories": [
      {
        "id": 9230,
        "name": "Proteintillskott"
      },
      {
        "id": 4336,
        "name": "Bars"
      },
      {
        "id": 11474,
        "name": "Bars"
      }
    ],
    "displayBrand": "DALBLADS",
    "favouriteCount": 440,
    "active": true,
    "inStockQuantity": 21,
    "orderable": true,
    "price": 20.5,
    "priceWithoutVat": 18.3035714286,
    "recommendedRetailPrice": null,
    "readableComparisonPrice": "372,73 kr/kg",
    "discount": null,
    "discountedPrice": 0,
    "size": "55G",
    "weightProduct": false,
    "vat": 12,
    "content": "Vassleproteinisolat/Myseproteinisolat (från MJÖLK/MELK), MJÖLKCHOKLAD/MELKESJOKOLADE 15% (socker/sukker, kakaosmör, HELMJÖLKSPULVER/MELKEPULVER AV HELMELK,kakaomassa, emulgeringsmedel (SOJALECITIN/SOYALECITIN), arom), glukossirap, fruktossirap, överdrag/overtrekk (socker/sukker, vegetabilisk olja och fett (palm/palme, shea), fettreducerad/fettredusert kakao, SKUMMJÖLKSPULVER/MELKEPULVER AV SKUMMET MELK, emulgeringsmedel (SOJALECITIN/SOYALECITIN, sorbitantristearat), arom), torkad/tørket kokos (8%), solrosolja/solsikkeolje, MJÖLKPROTEIN/MELKEPROTEIN, ÄGGVITEPROTEIN/EGGEHVITEPROTEIN, emulgeringsmedel (SOJALECITIN/SOYALECITIN), arom. Kan innehålla spår/spor av SOJAPROTEIN/SOYAPROTEIN.",
    "nutrition": "Näringsvärde per 55 Gram\nenergi 1000 Kilojoule\nenergi 250 Kilokalori\nfett 11 Gram\nvarav mättat fett 6.5 Gram\nkolhydrat 21 Gram\nvarav sockerarter 19 Gram\nprotein 15 Gram\nsalt 0.2 Gram",
    "durability": null,
    "recycling": null,
    "detail": "Swebar Original Cocos är den eviga storsäljaren fylld med både kokossmak och massor av kokosflingor. Med sitt höga proteininnehåll passar den perfekt som återhämtning och belöning efter ett hårt träningspass. Proteinet absorberas snabbt av kroppen och når musklerna omedelbart, vilket är extra bra för dess reparation och uppbyggnad. Med en Swebar efter ett träningspass är du snabbt återhämtad och redo för nästa. Swebar Original Cocos innehåller ej tillsatta nötter.\n\nEfter träning eller som mellanmål",
    "storage": "Förvaras vid högst 25 °C",
    "combinedNameWithBrand": "Swebar Cocos Proteinbar Dalblads",
    "averageProductLife": 0,
    "minimumDaysBeforeExpire": 31,
    "averageUnitWeight": 56,
    "weight": 56,
    "isMixable": false,
    "idRequired": 0,
    "tagNames": [
      "återhämtning",
      "Fitness",
      "energi",
      "snack",
      "träning",
      "träna",
      "bars",
      "swebar",
      "kokosbar",
      "Energybar",
      "energy",
      "energibar",
      "Träning&Måbra",
      "chokladbar",
      "Protein",
      "hälsa",
      "proteinbar",
      "energikaka",
      "bar",
      "mellanmål"
    ],
    "featured": false,
    "campaignRank": 215,
    "availableQuantities": [
      {
        "quantity": 21,
        "quantityKey": "dw-14390"
      },
      {
        "quantity": 21,
        "quantityKey": "dw-14408"
      },
      {
        "quantity": 21,
        "quantityKey": "dw-14392"
      },
      {
        "quantity": 21,
        "quantityKey": "dw-14426"
      },
      {
        "quantity": 21,
        "quantityKey": "dw-14436"
      },
      {
        "quantity": 21,
        "quantityKey": "dw-14474"
      },
      {
        "quantity": 21,
        "quantityKey": "dw-14422"
      },
      {
        "quantity": 21,
        "quantityKey": "dw-14450"
      },
      {
        "quantity": 21,
        "quantityKey": "dw-14460"
      },
      {
        "quantity": 21,
        "quantityKey": "dw-14398"
      },
      {
        "quantity": 21,
        "quantityKey": "dw-14452"
      },
      {
        "quantity": 21,
        "quantityKey": "default"
      },
      {
        "quantity": 21,
        "quantityKey": "dw-14458"
      },
      {
        "quantity": 21,
        "quantityKey": "dw-14442"
      },
      {
        "quantity": 21,
        "quantityKey": "dw-14466"
      },
      {
        "quantity": 21,
        "quantityKey": "dw-14406"
      },
      {
        "quantity": 21,
        "quantityKey": "dw-14416"
      },
      {
        "quantity": 21,
        "quantityKey": "dw-14414"
      },
      {
        "quantity": 21,
        "quantityKey": "dw-14434"
      },
      {
        "quantity": 21,
        "quantityKey": "dw-14400"
      },
      {
        "quantity": 21,
        "quantityKey": "dw-14428"
      },
      {
        "quantity": 21,
        "quantityKey": "dw-14444"
      },
      {
        "quantity": 21,
        "quantityKey": "dw-14468"
      }
    ],
    "emission": 0,
    "allergies": [
      {
        "id": 7,
        "infoSource": null,
        "level": {
          "enumType": "se.mat.mycroft.enums.AllergyLevel",
          "name": "CONTAINS"
        },
        "substanceName": "Mjölk"
      },
      {
        "id": 6,
        "infoSource": null,
        "level": {
          "enumType": "se.mat.mycroft.enums.AllergyLevel",
          "name": "CONTAINS"
        },
        "substanceName": "Sojabönor"
      },
      {
        "id": 3,
        "infoSource": null,
        "level": {
          "enumType": "se.mat.mycroft.enums.AllergyLevel",
          "name": "CONTAINS"
        },
        "substanceName": "Ägg"
      }
    ],
    "warehouseProductMappingId": null,
    "productRelationship": {
      "canBeReplacedWithProductIds": [],
      "canBeSubstitutedWithProductIds": [
        95424,
        90634,
        64476,
        64637,
        71870,
        94958
      ],
      "sameContentProductIds": []
    },
    "soldCount": 3690,
    "variety": "",
    "isAgreeWithPersonalTerms": null,
    "hasDeclinedPersonalAgreement": null,
    "probability": null,
    "productCountries": [],
    "productVarieties": [],
    "productBanner": null,
    "isShowOnTopProduct": false,
    "primaryCategoryNamePath": "Mat.se Göteborg/Apoteksvaror/Vitaminer, Hälso- & Kosttillskott/Proteintillskott"
  },
  {
    "id": 119062,
    "dateCreated": "Wed Sep 02 08:40:44 CEST 2020",
    "name": "Double Bite Caramel Crisp",
    "showPrice": "25,50  kr",
    "friendlyUrl": "twin-bar-caramel-barebells-55g",
    "formattedName": "Double Bite Caramel Crisp",
    "ean": "7340001803693",
    "countryOfOrigin": "EU",
    "translatedCountryName": "EU",
    "labelTags": [],
    "hasImage": true,
    "imageUrl": "https://d1hr6nb56yyl1.cloudfront.net/product-images/119062-150.jpg",
    "brand": {
      "id": 3423,
      "name": "Barebells"
    },
    "categories": [
      {
        "id": 11474,
        "name": "Bars"
      },
      {
        "id": 4336,
        "name": "Bars"
      }
    ],
    "displayBrand": "Barebells",
    "favouriteCount": 119,
    "active": true,
    "inStockQuantity": 13,
    "orderable": true,
    "price": 25.5,
    "priceWithoutVat": 22.7678571429,
    "recommendedRetailPrice": null,
    "readableComparisonPrice": "463,64 kr/kg",
    "discount": null,
    "discountedPrice": 0,
    "size": "2PX27,5G",
    "weightProduct": false,
    "vat": 12,
    "content": "Sötningsmedel (maltitol, erytritol, xylitol, sukralos), SOJAPROTEIN, polydextros, kollagenhydrolysat, fuktighetsbevarande medel (glycerol), kakaosmör, HELMJÖLKSPULVER, SOJAOLJA, kakaomassa, tapiokastärkelse, SKUMMJÖLKSPULVER, MJÖLKPROTEIN, kakaopulver, salt, emulgeringsmedel (SOJALECITIN), arom. Kan innehålla spår av GLUTEN, ÄGG, JORDNÖTTER, NÖTTER och SESAMFRÖ.",
    "nutrition": "Näringsvärde per 100 Gram\nenergi 1491 Kilojoule\nenergi 357 Kilokalori\nfett 14 Gram\nvarav mättat fett 7 Gram\nkolhydrat 34 Gram\nvarav sockerarter 3.7 Gram\nfiber 13 Gram\nprotein 31 Gram\nsalt 1 Gram",
    "durability": null,
    "recycling": null,
    "detail": "Proteinbite med smak av kola och med mjölkchokladöverdrag (24%). Innehåller sötningsmedel. Innehåller naturligt förekommande socker. Utan palmolja.\n\nÖverdriven konsumtion kan ha laxerande effekt. Sorteras som plastförpackning.\n\nFörvaras i rumstemperatur.",
    "storage": "Förvaras i rumstemperatur.",
    "combinedNameWithBrand": "Double Bite Caramel Crisp Barebells",
    "averageProductLife": 0,
    "minimumDaysBeforeExpire": 31,
    "averageUnitWeight": 56,
    "weight": 56,
    "isMixable": false,
    "idRequired": 0,
    "tagNames": [
      "No",
      "tillsatt",
      "added",
      "Socker",
      "proteinbar",
      "UTS",
      "utan",
      "Sugar"
    ],
    "featured": false,
    "campaignRank": 249,
    "availableQuantities": [
      {
        "quantity": 13,
        "quantityKey": "dw-14406"
      },
      {
        "quantity": 13,
        "quantityKey": "dw-14450"
      },
      {
        "quantity": 13,
        "quantityKey": "dw-14460"
      },
      {
        "quantity": 13,
        "quantityKey": "dw-14428"
      },
      {
        "quantity": 13,
        "quantityKey": "dw-14474"
      },
      {
        "quantity": 13,
        "quantityKey": "dw-14444"
      },
      {
        "quantity": 13,
        "quantityKey": "dw-14400"
      },
      {
        "quantity": 13,
        "quantityKey": "dw-14398"
      },
      {
        "quantity": 13,
        "quantityKey": "dw-14468"
      },
      {
        "quantity": 13,
        "quantityKey": "dw-14414"
      },
      {
        "quantity": 13,
        "quantityKey": "dw-14436"
      },
      {
        "quantity": 13,
        "quantityKey": "dw-14466"
      },
      {
        "quantity": 13,
        "quantityKey": "dw-14426"
      },
      {
        "quantity": 13,
        "quantityKey": "dw-14390"
      },
      {
        "quantity": 13,
        "quantityKey": "dw-14422"
      },
      {
        "quantity": 13,
        "quantityKey": "dw-14408"
      },
      {
        "quantity": 13,
        "quantityKey": "dw-14458"
      },
      {
        "quantity": 13,
        "quantityKey": "default"
      },
      {
        "quantity": 13,
        "quantityKey": "dw-14416"
      },
      {
        "quantity": 13,
        "quantityKey": "dw-14442"
      },
      {
        "quantity": 13,
        "quantityKey": "dw-14392"
      },
      {
        "quantity": 13,
        "quantityKey": "dw-14434"
      },
      {
        "quantity": 13,
        "quantityKey": "dw-14452"
      }
    ],
    "emission": 0,
    "allergies": [
      {
        "id": 1,
        "infoSource": null,
        "level": {
          "enumType": "se.mat.mycroft.enums.AllergyLevel",
          "name": "TRACES"
        },
        "substanceName": "Gluten"
      },
      {
        "id": 5,
        "infoSource": null,
        "level": {
          "enumType": "se.mat.mycroft.enums.AllergyLevel",
          "name": "TRACES"
        },
        "substanceName": "Jordnötter"
      },
      {
        "id": 6,
        "infoSource": null,
        "level": {
          "enumType": "se.mat.mycroft.enums.AllergyLevel",
          "name": "CONTAINS"
        },
        "substanceName": "Sojabönor"
      },
      {
        "id": 10,
        "infoSource": null,
        "level": {
          "enumType": "se.mat.mycroft.enums.AllergyLevel",
          "name": "TRACES"
        },
        "substanceName": "Nötter"
      },
      {
        "id": 13,
        "infoSource": null,
        "level": {
          "enumType": "se.mat.mycroft.enums.AllergyLevel",
          "name": "TRACES"
        },
        "substanceName": "Sesamfrön"
      },
      {
        "id": 3,
        "infoSource": null,
        "level": {
          "enumType": "se.mat.mycroft.enums.AllergyLevel",
          "name": "TRACES"
        },
        "substanceName": "Ägg"
      },
      {
        "id": 7,
        "infoSource": null,
        "level": {
          "enumType": "se.mat.mycroft.enums.AllergyLevel",
          "name": "CONTAINS"
        },
        "substanceName": "Mjölk"
      }
    ],
    "warehouseProductMappingId": null,
    "productRelationship": {
      "canBeReplacedWithProductIds": [],
      "canBeSubstitutedWithProductIds": [],
      "sameContentProductIds": []
    },
    "soldCount": 707,
    "variety": "",
    "isAgreeWithPersonalTerms": null,
    "hasDeclinedPersonalAgreement": null,
    "probability": null,
    "productCountries": [],
    "productVarieties": [],
    "productBanner": null,
    "isShowOnTopProduct": false,
    "primaryCategoryNamePath": "Mat.se Göteborg/Hälsa & Träning/Bars"
  },
  {
    "id": 60727,
    "dateCreated": "Sun Feb 21 13:22:00 CET 2016",
    "name": "Protein Bar Choklad",
    "showPrice": "12,95  kr",
    "friendlyUrl": "proteinbar-c-proteinpro-45-g",
    "formattedName": "Protein Bar Choklad",
    "ean": "7350021420442",
    "countryOfOrigin": "DE",
    "translatedCountryName": "Tyskland",
    "labelTags": [],
    "hasImage": true,
    "imageUrl": "https://d1hr6nb56yyl1.cloudfront.net/product-images/60727-150.jpg",
    "brand": {
      "id": 5389,
      "name": "PROBRANDS"
    },
    "categories": [
      {
        "id": 4336,
        "name": "Bars"
      },
      {
        "id": 11474,
        "name": "Bars"
      },
      {
        "id": 9230,
        "name": "Proteintillskott"
      }
    ],
    "displayBrand": "PROBRANDS",
    "favouriteCount": 548,
    "active": true,
    "inStockQuantity": 50,
    "orderable": true,
    "price": 12.95,
    "priceWithoutVat": 11.5625,
    "recommendedRetailPrice": null,
    "readableComparisonPrice": "287,78 kr/kg",
    "discount": null,
    "discountedPrice": 0,
    "size": "45G",
    "weightProduct": false,
    "vat": 12,
    "content": "Proteinblandning 40,9% (kollagenhydrolysat, SOJAPROTEINISOLAT, VASSLEPROTEIN koncentrat (MJÖLK), MJÖLKproteinisolat), MJÖLKCHOKLAD med sötningsmedel­ 15% (sötningsmedel­ (maltitol), kakaosmör, HELMJÖLKSPULVER, kakaomassa, fettreducerad kakaopulver, emulgeringsmedel (solroslecitin), arom), fuktighetsbevarande medel (glycerol), fruktooligosackarider, sötningsmedel (maltitol), rapsolja, rice crisps (ris, morot), kokos, kakaopulver 2 %, kakaosmör, emulgeringsmedel (SOJALECITIN), arom. Kan innehålla spår av JORDNÖT och TRÄDNÖTTER.",
    "nutrition": "Näringsvärde per 100 Gram\nenergi 1597 Kilojoule\nenergi 382 Kilokalori\nfett 14 Gram\nvarav mättat fett 6.3 Gram\nkolhydrat 39 Gram\nvarav sockerarter 3.5 Gram\nsockeralkoholer 23 Gram\nfiber 8 Gram\nprotein 38 Gram\nsalt 0.5 Gram",
    "durability": null,
    "recycling": null,
    "detail": "Härlig smak! Högt proteininnehåll! Inget tillsatt socker! Inte så konstigt att det här är en av våra storsäljare!",
    "storage": "Förvaras vid högst 25 °C",
    "combinedNameWithBrand": "Protein Bar Choklad Probrands",
    "averageProductLife": 0,
    "minimumDaysBeforeExpire": 31,
    "averageUnitWeight": 46,
    "weight": 46,
    "isMixable": false,
    "idRequired": 0,
    "tagNames": [
      "Protein",
      "hälsa",
      "mellanmål",
      "träning",
      "proteinbar",
      "energibar",
      "energi",
      "ProteinPRO Proteinbar Chocolate 45 g",
      "Fitness",
      "återhämtning",
      "bar",
      "proteinpro",
      "hälsokost",
      "chokladbar",
      "snack",
      "bars",
      "gym",
      "Energybar",
      "Träning&Måbra"
    ],
    "featured": false,
    "campaignRank": 197,
    "availableQuantities": [
      {
        "quantity": 50,
        "quantityKey": "dw-14468"
      },
      {
        "quantity": 50,
        "quantityKey": "dw-14434"
      },
      {
        "quantity": 50,
        "quantityKey": "dw-14422"
      },
      {
        "quantity": 50,
        "quantityKey": "dw-14458"
      },
      {
        "quantity": 50,
        "quantityKey": "dw-14444"
      },
      {
        "quantity": 50,
        "quantityKey": "dw-14466"
      },
      {
        "quantity": 50,
        "quantityKey": "dw-14408"
      },
      {
        "quantity": 50,
        "quantityKey": "dw-14416"
      },
      {
        "quantity": 50,
        "quantityKey": "dw-14392"
      },
      {
        "quantity": 29,
        "quantityKey": "dw-14390"
      },
      {
        "quantity": 50,
        "quantityKey": "dw-14400"
      },
      {
        "quantity": 50,
        "quantityKey": "dw-14436"
      },
      {
        "quantity": 50,
        "quantityKey": "dw-14452"
      },
      {
        "quantity": 50,
        "quantityKey": "dw-14460"
      },
      {
        "quantity": 50,
        "quantityKey": "dw-14480"
      },
      {
        "quantity": 50,
        "quantityKey": "dw-14426"
      },
      {
        "quantity": 50,
        "quantityKey": "dw-14474"
      },
      {
        "quantity": 50,
        "quantityKey": "dw-14450"
      },
      {
        "quantity": 50,
        "quantityKey": "dw-14414"
      },
      {
        "quantity": 50,
        "quantityKey": "dw-14398"
      },
      {
        "quantity": 50,
        "quantityKey": "dw-14406"
      },
      {
        "quantity": 50,
        "quantityKey": "dw-14442"
      },
      {
        "quantity": 50,
        "quantityKey": "dw-14428"
      },
      {
        "quantity": 50,
        "quantityKey": "default"
      },
      {
        "quantity": 50,
        "quantityKey": "dw-14478"
      }
    ],
    "emission": 0,
    "allergies": [
      {
        "id": 10,
        "infoSource": null,
        "level": {
          "enumType": "se.mat.mycroft.enums.AllergyLevel",
          "name": "TRACES"
        },
        "substanceName": "Nötter"
      },
      {
        "id": 7,
        "infoSource": null,
        "level": {
          "enumType": "se.mat.mycroft.enums.AllergyLevel",
          "name": "CONTAINS"
        },
        "substanceName": "Mjölk"
      },
      {
        "id": 6,
        "infoSource": null,
        "level": {
          "enumType": "se.mat.mycroft.enums.AllergyLevel",
          "name": "CONTAINS"
        },
        "substanceName": "Sojabönor"
      },
      {
        "id": 5,
        "infoSource": null,
        "level": {
          "enumType": "se.mat.mycroft.enums.AllergyLevel",
          "name": "TRACES"
        },
        "substanceName": "Jordnötter"
      }
    ],
    "warehouseProductMappingId": null,
    "productRelationship": {
      "canBeReplacedWithProductIds": [],
      "canBeSubstitutedWithProductIds": [
        95427,
        85906,
        82146,
        37268,
        31076,
        93364,
        64477
      ],
      "sameContentProductIds": []
    },
    "soldCount": 3388,
    "variety": "",
    "isAgreeWithPersonalTerms": null,
    "hasDeclinedPersonalAgreement": null,
    "probability": null,
    "productCountries": [],
    "productVarieties": [],
    "productBanner": null,
    "isShowOnTopProduct": false,
    "primaryCategoryNamePath": "Mat.se Göteborg/Apoteksvaror/Vitaminer, Hälso- & Kosttillskott/Bars"
  },
  {
    "id": 122634,
    "dateCreated": "Thu Feb 18 10:48:42 CET 2021",
    "name": "Coconut",
    "showPrice": "16,50  kr",
    "friendlyUrl": "coconut-nicks-40g",
    "formattedName": "Coconut",
    "ean": "7350104401078",
    "countryOfOrigin": "MK",
    "translatedCountryName": "Makedonien",
    "labelTags": [
      {
        "id": 14,
        "name": "Särnär fri från gluten",
        "tag": "fri_gluten"
      }
    ],
    "hasImage": true,
    "imageUrl": "https://d1hr6nb56yyl1.cloudfront.net/product-images/122634-150.jpg",
    "brand": {
      "id": 4667,
      "name": "nicks"
    },
    "categories": [
      {
        "id": 11474,
        "name": "Bars"
      },
      {
        "id": 4336,
        "name": "Bars"
      }
    ],
    "displayBrand": "nicks",
    "favouriteCount": 71,
    "active": true,
    "inStockQuantity": 10,
    "orderable": true,
    "price": 16.5,
    "priceWithoutVat": 14.7321428571,
    "recommendedRetailPrice": null,
    "readableComparisonPrice": "412,50 kr/kg",
    "discount": null,
    "discountedPrice": 0,
    "size": "40g",
    "weightProduct": false,
    "vat": 12,
    "content": "Kokos (32%), sötningsmedel: erytritol, kakaosmör, löslig/oppløselig majsfiber, polydextros (fiber), MJÖLK/MÆLKEPULVER, cikoriarotfiber, sötningsmedel: xylitol, VASSLE/MYSE/VALLEpulver, kakaomassa, fuktighetsbevarande medel: veg. glycerol, emulgeringsmedel: solros/solsikkelecitin, salt, naturlig arom, sötningsmedel: steviolglykosider. Kan innehålla spår av SOJA, SESAM, NÖTTER/NØTTER/NØDDER, JORDNÖTTER/PEANØTTER/JORDNØDDER och ÄGG/EGG/ÆG.",
    "nutrition": "Näringsvärde per 100 gram\nEnergi 1702/407 kilojoule/kilokalori\nFett 31 gram\nvarav mättat fett 23.7 gram\nKolhydrat 28.3 gram\nvarav sockerarter 7.1 gram\nvarav polyoler 19.6 gram\nFiber 26.5 gram\nProtein 4.8 gram\nSalt 0.07 gram",
    "durability": null,
    "recycling": null,
    "detail": "Söta kokosflingor doppade i mjölkchoklad. Passande för lågkolhydratskost, keto, diabetes, glutenintolerans men främst för alla som vill njuta och må bra på samma gång. No added sugar, no palm oil, no gluten, just joy.\n\nUtan tillsatt socker",
    "storage": "Förvaras torrt & svalt: <30°C",
    "combinedNameWithBrand": "Coconut Nicks",
    "averageProductLife": 0,
    "minimumDaysBeforeExpire": 31,
    "averageUnitWeight": 0,
    "weight": 41,
    "isMixable": false,
    "idRequired": 0,
    "tagNames": [],
    "featured": false,
    "campaignRank": 251,
    "availableQuantities": [
      {
        "quantity": 10,
        "quantityKey": "dw-14458"
      },
      {
        "quantity": 10,
        "quantityKey": "dw-14416"
      },
      {
        "quantity": 10,
        "quantityKey": "dw-14450"
      },
      {
        "quantity": 10,
        "quantityKey": "dw-14426"
      },
      {
        "quantity": 10,
        "quantityKey": "dw-14436"
      },
      {
        "quantity": 10,
        "quantityKey": "dw-14398"
      },
      {
        "quantity": 10,
        "quantityKey": "dw-14408"
      },
      {
        "quantity": 10,
        "quantityKey": "dw-14474"
      },
      {
        "quantity": 10,
        "quantityKey": "default"
      },
      {
        "quantity": 10,
        "quantityKey": "dw-14452"
      },
      {
        "quantity": 10,
        "quantityKey": "dw-14414"
      },
      {
        "quantity": 10,
        "quantityKey": "dw-14400"
      },
      {
        "quantity": 10,
        "quantityKey": "dw-14442"
      },
      {
        "quantity": 10,
        "quantityKey": "dw-14460"
      },
      {
        "quantity": 10,
        "quantityKey": "dw-14390"
      },
      {
        "quantity": 10,
        "quantityKey": "dw-14392"
      },
      {
        "quantity": 10,
        "quantityKey": "dw-14434"
      },
      {
        "quantity": 10,
        "quantityKey": "dw-14468"
      },
      {
        "quantity": 10,
        "quantityKey": "dw-14428"
      },
      {
        "quantity": 10,
        "quantityKey": "dw-14444"
      },
      {
        "quantity": 10,
        "quantityKey": "dw-14466"
      },
      {
        "quantity": 10,
        "quantityKey": "dw-14406"
      },
      {
        "quantity": 10,
        "quantityKey": "dw-14422"
      }
    ],
    "emission": 0,
    "allergies": [
      {
        "id": 13,
        "infoSource": null,
        "level": {
          "enumType": "se.mat.mycroft.enums.AllergyLevel",
          "name": "TRACES"
        },
        "substanceName": "Sesamfrön"
      },
      {
        "id": 10,
        "infoSource": null,
        "level": {
          "enumType": "se.mat.mycroft.enums.AllergyLevel",
          "name": "TRACES"
        },
        "substanceName": "Nötter"
      },
      {
        "id": 6,
        "infoSource": null,
        "level": {
          "enumType": "se.mat.mycroft.enums.AllergyLevel",
          "name": "TRACES"
        },
        "substanceName": "Sojabönor"
      },
      {
        "id": 7,
        "infoSource": null,
        "level": {
          "enumType": "se.mat.mycroft.enums.AllergyLevel",
          "name": "CONTAINS"
        },
        "substanceName": "Mjölk"
      },
      {
        "id": 5,
        "infoSource": null,
        "level": {
          "enumType": "se.mat.mycroft.enums.AllergyLevel",
          "name": "TRACES"
        },
        "substanceName": "Jordnötter"
      },
      {
        "id": 3,
        "infoSource": null,
        "level": {
          "enumType": "se.mat.mycroft.enums.AllergyLevel",
          "name": "TRACES"
        },
        "substanceName": "Ägg"
      }
    ],
    "warehouseProductMappingId": null,
    "productRelationship": {
      "canBeReplacedWithProductIds": [],
      "canBeSubstitutedWithProductIds": [],
      "sameContentProductIds": []
    },
    "soldCount": 387,
    "variety": "",
    "isAgreeWithPersonalTerms": null,
    "hasDeclinedPersonalAgreement": null,
    "probability": null,
    "productCountries": [],
    "productVarieties": [],
    "productBanner": null,
    "isShowOnTopProduct": false,
    "primaryCategoryNamePath": "Mat.se Göteborg/Hälsa & Träning/Bars"
  },
  {
    "id": 121744,
    "dateCreated": "Fri Jan 15 09:42:15 CET 2021",
    "name": "White Salty Peanut Protein Bar",
    "showPrice": "25,50  kr",
    "friendlyUrl": "white-salty-peanut-protein-bar-barebells-55g",
    "formattedName": "White Salty Peanut Protein Bar",
    "ean": "7340001804003",
    "countryOfOrigin": "EU",
    "translatedCountryName": "EU",
    "labelTags": [],
    "hasImage": true,
    "imageUrl": "https://d1hr6nb56yyl1.cloudfront.net/product-images/121744-150.jpg",
    "brand": {
      "id": 3423,
      "name": "Barebells"
    },
    "categories": [
      {
        "id": 11474,
        "name": "Bars"
      },
      {
        "id": 4336,
        "name": "Bars"
      }
    ],
    "displayBrand": "Barebells",
    "favouriteCount": 128,
    "active": true,
    "inStockQuantity": 12,
    "orderable": true,
    "price": 25.5,
    "priceWithoutVat": 22.7678571429,
    "recommendedRetailPrice": null,
    "readableComparisonPrice": "463,64 kr/kg",
    "discount": null,
    "discountedPrice": 0,
    "size": "55G",
    "weightProduct": false,
    "vat": 12,
    "content": "MJÖLKPROTEIN, kollagenpeptider, fuktighetsbevarande medel (glycerol), polydextros, sötningsmedel (maltitol, sukralos), JORDNÖTTER, kakaosmör, vatten, MJÖLKPULVER, solrosolja, arom, salt, kakaomassa, emulgeringsmedel (SOJALECITIN). Kan innehålla spår av GLUTEN, ÄGG och NÖTTER",
    "nutrition": "Näringsvärde per 100 Gram\nenergi 1585 Kilojoule\nenergi 380 Kilokalori\nfett 17 Gram\nvarav mättat fett 6.7 Gram\nkolhydrat 26 Gram\nvarav sockerarter 2.7 Gram\nfiber 6.7 Gram\nprotein 36 Gram\nsalt 0.46 Gram",
    "durability": null,
    "recycling": null,
    "detail": "Proteinbar med salta jordnötter (8%) och överdrag av vit choklad (20%). Innehåller sötningsmedel. Innehåller naturligt förekommande socker. Utan palmolja.\n\nÖverdriven konsumtion kan ha laxerande effekt. Sorteras som plastförpackning.\n\nFörvaras i rumstemperatur.",
    "storage": "Förvaras i rumstemperatur.",
    "combinedNameWithBrand": "White Salty Peanut Protein Bar Barebells",
    "averageProductLife": 0,
    "minimumDaysBeforeExpire": 31,
    "averageUnitWeight": 56,
    "weight": 56,
    "isMixable": false,
    "idRequired": 0,
    "tagNames": [
      "Sugar",
      "tillsatt",
      "proteinbar",
      "Socker",
      "added",
      "UTS",
      "No",
      "utan"
    ],
    "featured": false,
    "campaignRank": 240,
    "availableQuantities": [
      {
        "quantity": 12,
        "quantityKey": "dw-14468"
      },
      {
        "quantity": 12,
        "quantityKey": "dw-14398"
      },
      {
        "quantity": 12,
        "quantityKey": "dw-14466"
      },
      {
        "quantity": 12,
        "quantityKey": "dw-14416"
      },
      {
        "quantity": 12,
        "quantityKey": "dw-14428"
      },
      {
        "quantity": 12,
        "quantityKey": "default"
      },
      {
        "quantity": 12,
        "quantityKey": "dw-14426"
      },
      {
        "quantity": 12,
        "quantityKey": "dw-14444"
      },
      {
        "quantity": 12,
        "quantityKey": "dw-14406"
      },
      {
        "quantity": 12,
        "quantityKey": "dw-14474"
      },
      {
        "quantity": 12,
        "quantityKey": "dw-14460"
      },
      {
        "quantity": 12,
        "quantityKey": "dw-14434"
      },
      {
        "quantity": 12,
        "quantityKey": "dw-14458"
      },
      {
        "quantity": 12,
        "quantityKey": "dw-14392"
      },
      {
        "quantity": 12,
        "quantityKey": "dw-14452"
      },
      {
        "quantity": 12,
        "quantityKey": "dw-14408"
      },
      {
        "quantity": 12,
        "quantityKey": "dw-14414"
      },
      {
        "quantity": 12,
        "quantityKey": "dw-14436"
      },
      {
        "quantity": 12,
        "quantityKey": "dw-14422"
      },
      {
        "quantity": 12,
        "quantityKey": "dw-14400"
      },
      {
        "quantity": 12,
        "quantityKey": "dw-14390"
      },
      {
        "quantity": 12,
        "quantityKey": "dw-14442"
      },
      {
        "quantity": 12,
        "quantityKey": "dw-14450"
      }
    ],
    "emission": 0,
    "allergies": [
      {
        "id": 5,
        "infoSource": null,
        "level": {
          "enumType": "se.mat.mycroft.enums.AllergyLevel",
          "name": "CONTAINS"
        },
        "substanceName": "Jordnötter"
      },
      {
        "id": 3,
        "infoSource": null,
        "level": {
          "enumType": "se.mat.mycroft.enums.AllergyLevel",
          "name": "TRACES"
        },
        "substanceName": "Ägg"
      },
      {
        "id": 7,
        "infoSource": null,
        "level": {
          "enumType": "se.mat.mycroft.enums.AllergyLevel",
          "name": "CONTAINS"
        },
        "substanceName": "Mjölk"
      },
      {
        "id": 6,
        "infoSource": null,
        "level": {
          "enumType": "se.mat.mycroft.enums.AllergyLevel",
          "name": "CONTAINS"
        },
        "substanceName": "Sojabönor"
      },
      {
        "id": 10,
        "infoSource": null,
        "level": {
          "enumType": "se.mat.mycroft.enums.AllergyLevel",
          "name": "TRACES"
        },
        "substanceName": "Nötter"
      },
      {
        "id": 1,
        "infoSource": null,
        "level": {
          "enumType": "se.mat.mycroft.enums.AllergyLevel",
          "name": "TRACES"
        },
        "substanceName": "Gluten"
      }
    ],
    "warehouseProductMappingId": null,
    "productRelationship": {
      "canBeReplacedWithProductIds": [],
      "canBeSubstitutedWithProductIds": [],
      "sameContentProductIds": []
    },
    "soldCount": 652,
    "variety": "",
    "isAgreeWithPersonalTerms": null,
    "hasDeclinedPersonalAgreement": null,
    "probability": null,
    "productCountries": [],
    "productVarieties": [],
    "productBanner": null,
    "isShowOnTopProduct": false,
    "primaryCategoryNamePath": "Mat.se Göteborg/Hälsa & Träning/Bars"
  },
  {
    "id": 37268,
    "dateCreated": "Tue Jul 22 13:07:57 CEST 2014",
    "name": "Swebar Choklad Proteinbar",
    "showPrice": "20,50  kr",
    "friendlyUrl": "swebar-chocolate-dalblads-nutrition-ab-55g",
    "formattedName": "Swebar Choklad Proteinbar",
    "ean": "7350006710704",
    "countryOfOrigin": "SE",
    "translatedCountryName": "Sverige",
    "labelTags": [],
    "hasImage": true,
    "imageUrl": "https://d1hr6nb56yyl1.cloudfront.net/product-images/37268-150.jpg",
    "brand": {
      "id": 1319,
      "name": "DALBLADS"
    },
    "categories": [
      {
        "id": 11474,
        "name": "Bars"
      },
      {
        "id": 4336,
        "name": "Bars"
      },
      {
        "id": 9230,
        "name": "Proteintillskott"
      }
    ],
    "displayBrand": "DALBLADS",
    "favouriteCount": 464,
    "active": true,
    "inStockQuantity": 24,
    "orderable": true,
    "price": 20.5,
    "priceWithoutVat": 18.3035714286,
    "recommendedRetailPrice": null,
    "readableComparisonPrice": "372,73 kr/kg",
    "discount": null,
    "discountedPrice": 0,
    "size": "55G",
    "weightProduct": false,
    "vat": 12,
    "content": "Vassleproteinisolat/Myseproteinisolat (från MJÖLK/MELK), mörk choklad/mørk sjokolade (18%) (kakaomassa, socker/sukker, kakaosmör, emulgeringsmedel (SOJALECITIN/SOYALECITIN), arom), glukossirap, fruktossirap, överdrag/overtrekk (socker/sukker, vegetabilisk olja och fett (palm/palme, shea), fettreducerad/fettredusert kakao, SKUMMJÖLKSPULVER/ MELKEPULVER AV SKUMMET MELK, emulgeringsmedel (SOJALECITIN/SOYALECITIN, sorbitantristearat), arom), MJÖLKPROTEIN/MELKEPROTEIN, ÄGGVITEPROTEIN/EGGEHVITEPROTEIN, arom, emulgeringsmedel (SOJALECITIN/SOYALECITIN). Kan innehålla spår/spor av SOJAPROTEIN/SOYAPROTEIN.",
    "nutrition": "Näringsvärde per 55 Gram\nenergi 900 Kilojoule\nenergi 220 Kilokalori\nfett 6 Gram\nvarav mättat fett 4.1 Gram\nkolhydrat 23 Gram\nvarav sockerarter 21 Gram\nprotein 17 Gram\nsalt 0.2 Gram",
    "durability": null,
    "recycling": null,
    "detail": "Swebar Original Chocolate är en av svenskarnas favoritbar och kommer bli din med. Med en riktigt härlig chokladsmak och den höga proteinhalten är detta en perfekt belöning och återhämtning efter ett hårt träningspass. Proteinet absorberas snabbt av kroppen och når musklerna omedelbart, vilket är extra bra för dess reparation och uppbyggnad. Swebar Original Chocolate har ej tillsatta nötter.\n\nEfter träning eller som mellanmål",
    "storage": "Förvaras vid högst 25 °C",
    "combinedNameWithBrand": "Swebar Choklad Proteinbar Dalblads",
    "averageProductLife": 0,
    "minimumDaysBeforeExpire": 31,
    "averageUnitWeight": 56,
    "weight": 56,
    "isMixable": false,
    "idRequired": 0,
    "tagNames": [
      "energikaka",
      "energi",
      "Träning&Måbra",
      "proteinbar",
      "energibar",
      "viktkontroll",
      "swebar",
      "Protein",
      "Energybar",
      "mellanmål",
      "Fitness",
      "hälsa",
      "bar",
      "träning",
      "hälsokost",
      "träna",
      "snack",
      "bars"
    ],
    "featured": false,
    "campaignRank": 218,
    "availableQuantities": [
      {
        "quantity": 24,
        "quantityKey": "dw-14426"
      },
      {
        "quantity": 24,
        "quantityKey": "dw-14468"
      },
      {
        "quantity": 9,
        "quantityKey": "dw-14390"
      },
      {
        "quantity": 9,
        "quantityKey": "dw-14406"
      },
      {
        "quantity": 9,
        "quantityKey": "dw-14392"
      },
      {
        "quantity": 24,
        "quantityKey": "default"
      },
      {
        "quantity": 24,
        "quantityKey": "dw-14422"
      },
      {
        "quantity": 24,
        "quantityKey": "dw-14416"
      },
      {
        "quantity": 24,
        "quantityKey": "dw-14460"
      },
      {
        "quantity": 24,
        "quantityKey": "dw-14444"
      },
      {
        "quantity": 24,
        "quantityKey": "dw-14436"
      },
      {
        "quantity": 24,
        "quantityKey": "dw-14450"
      },
      {
        "quantity": 9,
        "quantityKey": "dw-14398"
      },
      {
        "quantity": 24,
        "quantityKey": "dw-14478"
      },
      {
        "quantity": 24,
        "quantityKey": "dw-14434"
      },
      {
        "quantity": 24,
        "quantityKey": "dw-14442"
      },
      {
        "quantity": 24,
        "quantityKey": "dw-14408"
      },
      {
        "quantity": 24,
        "quantityKey": "dw-14428"
      },
      {
        "quantity": 24,
        "quantityKey": "dw-14458"
      },
      {
        "quantity": 24,
        "quantityKey": "dw-14452"
      },
      {
        "quantity": 24,
        "quantityKey": "dw-14466"
      },
      {
        "quantity": 24,
        "quantityKey": "dw-14474"
      },
      {
        "quantity": 24,
        "quantityKey": "dw-14480"
      },
      {
        "quantity": 9,
        "quantityKey": "dw-14400"
      },
      {
        "quantity": 24,
        "quantityKey": "dw-14414"
      }
    ],
    "emission": 0,
    "allergies": [
      {
        "id": 3,
        "infoSource": null,
        "level": {
          "enumType": "se.mat.mycroft.enums.AllergyLevel",
          "name": "CONTAINS"
        },
        "substanceName": "Ägg"
      },
      {
        "id": 6,
        "infoSource": null,
        "level": {
          "enumType": "se.mat.mycroft.enums.AllergyLevel",
          "name": "CONTAINS"
        },
        "substanceName": "Sojabönor"
      },
      {
        "id": 7,
        "infoSource": null,
        "level": {
          "enumType": "se.mat.mycroft.enums.AllergyLevel",
          "name": "CONTAINS"
        },
        "substanceName": "Mjölk"
      }
    ],
    "warehouseProductMappingId": null,
    "productRelationship": {
      "canBeReplacedWithProductIds": [],
      "canBeSubstitutedWithProductIds": [
        95427,
        85906,
        82146,
        31076,
        93364,
        60727,
        64477
      ],
      "sameContentProductIds": []
    },
    "soldCount": 3187,
    "variety": "",
    "isAgreeWithPersonalTerms": null,
    "hasDeclinedPersonalAgreement": null,
    "probability": null,
    "productCountries": [],
    "productVarieties": [],
    "productBanner": null,
    "isShowOnTopProduct": false,
    "primaryCategoryNamePath": "Mat.se Göteborg/Hälsa & Träning/Bars"
  },
  {
    "id": 115085,
    "dateCreated": "Tue Feb 18 13:29:33 CET 2020",
    "name": "Protein Milkshake Banana Split",
    "showPrice": "24,50  kr",
    "friendlyUrl": "protein-milkshake-banana-split-barebells-330ml",
    "formattedName": "Protein Milkshake Banana Split",
    "ean": "7340001802917",
    "countryOfOrigin": "AT",
    "translatedCountryName": "Österrike",
    "labelTags": [],
    "hasImage": true,
    "imageUrl": "https://d1hr6nb56yyl1.cloudfront.net/product-images/115085-150.jpg",
    "brand": {
      "id": 3423,
      "name": "Barebells"
    },
    "categories": [
      {
        "id": 9230,
        "name": "Proteintillskott"
      },
      {
        "id": 10262,
        "name": "Milkshake"
      },
      {
        "id": 11478,
        "name": "Proteindryck"
      },
      {
        "id": 9326,
        "name": "Hälsodrycker"
      }
    ],
    "displayBrand": "Barebells",
    "favouriteCount": 165,
    "active": true,
    "inStockQuantity": 10,
    "orderable": true,
    "price": 24.5,
    "priceWithoutVat": 21.875,
    "recommendedRetailPrice": null,
    "readableComparisonPrice": "74,24 kr/l",
    "discount": null,
    "discountedPrice": 0,
    "size": "330ML",
    "weightProduct": false,
    "vat": 12,
    "content": "MJÖLK/MÆLK (64%), vatten/vand, MJÖLK-/MÆLKEPROTEIN, kakao, stabiliseringsmedel/stabilisator (cellulosa, natriumkarboximetylcellulosa, karragenan), kakaosmör, arom, surhetsreglerande medel (natriumfosfat), sötningsmedel/sødestof (acesulfam-K, sukralos), laktas.",
    "nutrition": "Näringsvärde per 100 Milliliter\nenergi 246 Kilojoule\nenergi 59 Kilokalori\nfett 1.5 Gram\nvarav mättat fett 0.7 Gram\nkolhydrat 3.6 Gram\nvarav sockerarter 3.3 Gram\nprotein 7.3 Gram\nsalt 0.1 Gram",
    "durability": null,
    "recycling": null,
    "detail": "Proteinrik milkshake. UHT-behandlad. Innehåller sötningsmedel och naturligt förekommande socker.\n\nSorteras som plastförpackning.\n\nKan förvaras i rumstemperatur. Öppnad förpackning förvaras i kylskåp och bör förtäras inom 24 timmar.",
    "storage": "Kan förvaras i rumstemperatur. Öppnad förpackning förvaras i kylskåp och bör förtäras inom 24 timmar.",
    "combinedNameWithBrand": "Protein Milkshake Banana Split Barebells",
    "averageProductLife": 0,
    "minimumDaysBeforeExpire": 5,
    "averageUnitWeight": 376,
    "weight": 376,
    "isMixable": false,
    "idRequired": 0,
    "tagNames": [
      "no added sugar UTS utan tillsatt socker banana chocolate banan choklad protein",
      "Lactose free"
    ],
    "featured": false,
    "campaignRank": 317,
    "availableQuantities": [
      {
        "quantity": 10,
        "quantityKey": "dw-14436"
      },
      {
        "quantity": 10,
        "quantityKey": "dw-14400"
      },
      {
        "quantity": 10,
        "quantityKey": "dw-14474"
      },
      {
        "quantity": 10,
        "quantityKey": "dw-14398"
      },
      {
        "quantity": 10,
        "quantityKey": "dw-14426"
      },
      {
        "quantity": 10,
        "quantityKey": "dw-14460"
      },
      {
        "quantity": 10,
        "quantityKey": "dw-14406"
      },
      {
        "quantity": 10,
        "quantityKey": "dw-14392"
      },
      {
        "quantity": 10,
        "quantityKey": "dw-14408"
      },
      {
        "quantity": 10,
        "quantityKey": "dw-14452"
      },
      {
        "quantity": 10,
        "quantityKey": "dw-14422"
      },
      {
        "quantity": 10,
        "quantityKey": "dw-14444"
      },
      {
        "quantity": 10,
        "quantityKey": "dw-14414"
      },
      {
        "quantity": 10,
        "quantityKey": "dw-14450"
      },
      {
        "quantity": 10,
        "quantityKey": "dw-14428"
      },
      {
        "quantity": 10,
        "quantityKey": "dw-14480"
      },
      {
        "quantity": 10,
        "quantityKey": "dw-14478"
      },
      {
        "quantity": 10,
        "quantityKey": "dw-14416"
      },
      {
        "quantity": 10,
        "quantityKey": "dw-14434"
      },
      {
        "quantity": 10,
        "quantityKey": "dw-14468"
      },
      {
        "quantity": 10,
        "quantityKey": "dw-14458"
      },
      {
        "quantity": 10,
        "quantityKey": "default"
      },
      {
        "quantity": 10,
        "quantityKey": "dw-14390"
      },
      {
        "quantity": 10,
        "quantityKey": "dw-14442"
      },
      {
        "quantity": 10,
        "quantityKey": "dw-14466"
      }
    ],
    "emission": 0,
    "allergies": [
      {
        "id": 7,
        "infoSource": null,
        "level": {
          "enumType": "se.mat.mycroft.enums.AllergyLevel",
          "name": "CONTAINS"
        },
        "substanceName": "Mjölk"
      }
    ],
    "warehouseProductMappingId": null,
    "productRelationship": {
      "canBeReplacedWithProductIds": [],
      "canBeSubstitutedWithProductIds": [],
      "sameContentProductIds": []
    },
    "soldCount": 679,
    "variety": "",
    "isAgreeWithPersonalTerms": null,
    "hasDeclinedPersonalAgreement": null,
    "probability": null,
    "productCountries": [],
    "productVarieties": [],
    "productBanner": null,
    "isShowOnTopProduct": false,
    "primaryCategoryNamePath": "Mat.se Göteborg/Apoteksvaror/Vitaminer, Hälso- & Kosttillskott/Proteintillskott"
  },
  {
    "id": 118898,
    "dateCreated": "Fri Aug 28 16:38:28 CEST 2020",
    "name": "Protein Bar Chocolate Dough",
    "showPrice": "25,50  kr",
    "friendlyUrl": "protein-bar-chocolate-dough-barebells-55g",
    "formattedName": "Protein Bar Chocolate Dough",
    "ean": "7340001803235",
    "countryOfOrigin": null,
    "translatedCountryName": "",
    "labelTags": [],
    "hasImage": true,
    "imageUrl": "https://d1hr6nb56yyl1.cloudfront.net/product-images/118898-150.jpg",
    "brand": {
      "id": 3423,
      "name": "Barebells"
    },
    "categories": [
      {
        "id": 4336,
        "name": "Bars"
      },
      {
        "id": 11474,
        "name": "Bars"
      }
    ],
    "displayBrand": "Barebells",
    "favouriteCount": 130,
    "active": true,
    "inStockQuantity": 24,
    "orderable": true,
    "price": 25.5,
    "priceWithoutVat": 22.7678571429,
    "recommendedRetailPrice": null,
    "readableComparisonPrice": "463,64 kr/kg",
    "discount": null,
    "discountedPrice": 0,
    "size": "55g",
    "weightProduct": false,
    "vat": 12,
    "content": "MJÖLKPROTEIN, kollagenpeptider, fuktighetsbevarande medel (glycerol), sötningsmedel (maltitol), fiber (polydextros), kakaosmör. MJÖLKPULVER, vatten, SOJAKRISP (SOJAPROTEIN, kakaopulver, tapiokastärkelse), solrosolja, kakaomassa, kakaopulver, surhetsreglerande medel (natriumhydroxid, kaliumkarbonat), arom, emulgeringsmedel (SOJALECITIN), sötningsmedel (sukralos). \nKan innehålla spår av GLUTEN, ÄGG, JORDNÖTTER och NÖTTER.",
    "nutrition": "Näringsvärde per 100 gram\nEnergi 1520/364 kilojoule/kilokalori\nFett 14 gram\nvarav mättat fett 6.8 gram\nKolhydrat 29 gram\nvarav sockerarter 2.5 gram\nFiber 5.3 gram\nProtein 36 gram\nSalt 0.24 gram",
    "durability": null,
    "recycling": null,
    "detail": "Proteinbar med smak av choklad och mjölkchokladöverdrag (21%). Innehåller sötningsmedel. Innehåller naturligt förekommande socker. Utan palmolja.\n\nÖverdriven konsumtion kan ha laxerande effekt. Sorteras som plastförpackning.",
    "storage": "Förvaras i rumstemperatur.",
    "combinedNameWithBrand": "Protein Bar Chocolate Dough Barebells",
    "averageProductLife": 0,
    "minimumDaysBeforeExpire": 31,
    "averageUnitWeight": 0,
    "weight": 56,
    "isMixable": false,
    "idRequired": 0,
    "tagNames": [
      "proteinbar",
      "Sugar",
      "added",
      "tillsatt",
      "utan",
      "Socker",
      "UTS",
      "No"
    ],
    "featured": false,
    "campaignRank": 242,
    "availableQuantities": [
      {
        "quantity": 24,
        "quantityKey": "dw-14426"
      },
      {
        "quantity": 24,
        "quantityKey": "dw-14466"
      },
      {
        "quantity": 24,
        "quantityKey": "dw-14434"
      },
      {
        "quantity": 24,
        "quantityKey": "dw-14436"
      },
      {
        "quantity": 24,
        "quantityKey": "dw-14408"
      },
      {
        "quantity": 24,
        "quantityKey": "dw-14458"
      },
      {
        "quantity": 24,
        "quantityKey": "dw-14422"
      },
      {
        "quantity": 24,
        "quantityKey": "dw-14392"
      },
      {
        "quantity": 24,
        "quantityKey": "dw-14452"
      },
      {
        "quantity": 24,
        "quantityKey": "dw-14444"
      },
      {
        "quantity": 24,
        "quantityKey": "dw-14416"
      },
      {
        "quantity": 24,
        "quantityKey": "dw-14450"
      },
      {
        "quantity": 24,
        "quantityKey": "dw-14442"
      },
      {
        "quantity": 24,
        "quantityKey": "default"
      },
      {
        "quantity": 24,
        "quantityKey": "dw-14414"
      },
      {
        "quantity": 24,
        "quantityKey": "dw-14398"
      },
      {
        "quantity": 24,
        "quantityKey": "dw-14400"
      },
      {
        "quantity": 24,
        "quantityKey": "dw-14406"
      },
      {
        "quantity": 24,
        "quantityKey": "dw-14428"
      },
      {
        "quantity": 24,
        "quantityKey": "dw-14460"
      },
      {
        "quantity": 24,
        "quantityKey": "dw-14390"
      },
      {
        "quantity": 24,
        "quantityKey": "dw-14468"
      },
      {
        "quantity": 24,
        "quantityKey": "dw-14474"
      }
    ],
    "emission": 0,
    "allergies": [
      {
        "id": 3,
        "infoSource": null,
        "level": {
          "enumType": "se.mat.mycroft.enums.AllergyLevel",
          "name": "TRACES"
        },
        "substanceName": "Ägg"
      },
      {
        "id": 6,
        "infoSource": null,
        "level": {
          "enumType": "se.mat.mycroft.enums.AllergyLevel",
          "name": "CONTAINS"
        },
        "substanceName": "Sojabönor"
      },
      {
        "id": 7,
        "infoSource": null,
        "level": {
          "enumType": "se.mat.mycroft.enums.AllergyLevel",
          "name": "CONTAINS"
        },
        "substanceName": "Mjölk"
      },
      {
        "id": 10,
        "infoSource": null,
        "level": {
          "enumType": "se.mat.mycroft.enums.AllergyLevel",
          "name": "TRACES"
        },
        "substanceName": "Nötter"
      },
      {
        "id": 5,
        "infoSource": null,
        "level": {
          "enumType": "se.mat.mycroft.enums.AllergyLevel",
          "name": "TRACES"
        },
        "substanceName": "Jordnötter"
      },
      {
        "id": 1,
        "infoSource": null,
        "level": {
          "enumType": "se.mat.mycroft.enums.AllergyLevel",
          "name": "TRACES"
        },
        "substanceName": "Gluten"
      }
    ],
    "warehouseProductMappingId": null,
    "productRelationship": {
      "canBeReplacedWithProductIds": [],
      "canBeSubstitutedWithProductIds": [],
      "sameContentProductIds": []
    },
    "soldCount": 694,
    "variety": "",
    "isAgreeWithPersonalTerms": null,
    "hasDeclinedPersonalAgreement": null,
    "probability": null,
    "productCountries": [],
    "productVarieties": [],
    "productBanner": null,
    "isShowOnTopProduct": false,
    "primaryCategoryNamePath": "Mat.se Göteborg/Apoteksvaror/Vitaminer, Hälso- & Kosttillskott/Bars"
  },
  {
    "id": 116904,
    "dateCreated": "Tue May 19 11:27:05 CEST 2020",
    "name": "ProPud Milkshake Cookies n'Cream",
    "showPrice": "20,50  kr",
    "friendlyUrl": "propud-milkshake-cookies-ncream-njie-330ml",
    "formattedName": "Propud Milkshake Cookies N'cream",
    "ean": "7350068295249",
    "countryOfOrigin": "DE",
    "translatedCountryName": "Tyskland",
    "labelTags": [
      {
        "id": 15,
        "name": "Särnär fri från laktos",
        "tag": "fri_laktos"
      }
    ],
    "hasImage": true,
    "imageUrl": "https://d1hr6nb56yyl1.cloudfront.net/product-images/116904-150.jpg",
    "brand": {
      "id": 1518,
      "name": "NJIE"
    },
    "categories": [
      {
        "id": 11478,
        "name": "Proteindryck"
      },
      {
        "id": 9326,
        "name": "Hälsodrycker"
      },
      {
        "id": 9230,
        "name": "Proteintillskott"
      },
      {
        "id": 10262,
        "name": "Milkshake"
      }
    ],
    "displayBrand": "NJIE",
    "favouriteCount": 335,
    "active": true,
    "inStockQuantity": 25,
    "orderable": true,
    "price": 20.5,
    "priceWithoutVat": 18.3035714286,
    "recommendedRetailPrice": null,
    "readableComparisonPrice": "62,12 kr/l",
    "discount": null,
    "discountedPrice": 0,
    "size": "330ML",
    "weightProduct": false,
    "vat": 12,
    "content": "MJÖLK/MELK/MÆLK, MJÖLKPROTEIN/MELKEPROTEIN/MÆLKEPROTEIN, fettreducerat kakaopulver (0,4%), stabiliseringsmedel/stabilisator (gellangummi/gellan, cellulosagummi, karragenan), arom, naturlig arom, sötningsmedel/søtstoffer (steviolglykosider från stevia, acesulfam K), laktasenzym. UHT-behandlad. Innehåller naturligt förekommande socker/Med et naturlig innhold av sukker.",
    "nutrition": "Näringsvärde per 100 Milliliter\nenergi 243 Kilojoule\nenergi 58 Kilokalori\nfett 1.5 Gram\nvarav mättat fett 0.9 Gram\nkolhydrat 4.9 Gram\nvarav sockerarter 4.9 Gram\nprotein 6.1 Gram\nsalt 0.1 Gram",
    "durability": null,
    "recycling": null,
    "detail": "NJIE ProPud Proteinmilkshake Cookies n'Cream - en krämig och len milkshake med smak av kakor och grädde. Utan tillsatt socker, laktosfri och med 20 g protein per flaska.\n\nOmskakas före användning. Serveras kyld.\n\nOöppnad förpackning kan förvaras i rumstemperatur. Öppnad förpackning förvaras i kyl och bör konsumeras inom 24 timmar.",
    "storage": "Oöppnad förpackning kan förvaras i rumstemperatur. Öppnad förpackning förvaras i kyl och bör konsumeras inom 24 timmar.",
    "combinedNameWithBrand": "Propud Milkshake Cookies N'cream Njie",
    "averageProductLife": 233.3,
    "minimumDaysBeforeExpire": 5,
    "averageUnitWeight": 370,
    "weight": 370,
    "isMixable": false,
    "idRequired": 0,
    "tagNames": [],
    "featured": false,
    "campaignRank": 83,
    "availableQuantities": [
      {
        "quantity": 25,
        "quantityKey": "dw-14392"
      },
      {
        "quantity": 25,
        "quantityKey": "dw-14406"
      },
      {
        "quantity": 25,
        "quantityKey": "dw-14442"
      },
      {
        "quantity": 25,
        "quantityKey": "dw-14428"
      },
      {
        "quantity": 25,
        "quantityKey": "dw-14474"
      },
      {
        "quantity": 25,
        "quantityKey": "dw-14398"
      },
      {
        "quantity": 25,
        "quantityKey": "dw-14468"
      },
      {
        "quantity": 25,
        "quantityKey": "dw-14450"
      },
      {
        "quantity": 25,
        "quantityKey": "dw-14460"
      },
      {
        "quantity": 25,
        "quantityKey": "dw-14426"
      },
      {
        "quantity": 25,
        "quantityKey": "dw-14452"
      },
      {
        "quantity": 25,
        "quantityKey": "dw-14400"
      },
      {
        "quantity": 25,
        "quantityKey": "dw-14434"
      },
      {
        "quantity": 25,
        "quantityKey": "dw-14390"
      },
      {
        "quantity": 25,
        "quantityKey": "dw-14480"
      },
      {
        "quantity": 25,
        "quantityKey": "default"
      },
      {
        "quantity": 25,
        "quantityKey": "dw-14416"
      },
      {
        "quantity": 25,
        "quantityKey": "dw-14408"
      },
      {
        "quantity": 25,
        "quantityKey": "dw-14422"
      },
      {
        "quantity": 25,
        "quantityKey": "dw-14414"
      },
      {
        "quantity": 25,
        "quantityKey": "dw-14444"
      },
      {
        "quantity": 25,
        "quantityKey": "dw-14478"
      },
      {
        "quantity": 25,
        "quantityKey": "dw-14466"
      },
      {
        "quantity": 25,
        "quantityKey": "dw-14436"
      },
      {
        "quantity": 25,
        "quantityKey": "dw-14458"
      }
    ],
    "emission": 0,
    "allergies": [
      {
        "id": 7,
        "infoSource": null,
        "level": {
          "enumType": "se.mat.mycroft.enums.AllergyLevel",
          "name": "CONTAINS"
        },
        "substanceName": "Mjölk"
      }
    ],
    "warehouseProductMappingId": null,
    "productRelationship": {
      "canBeReplacedWithProductIds": [],
      "canBeSubstitutedWithProductIds": [],
      "sameContentProductIds": []
    },
    "soldCount": 1653,
    "variety": "",
    "isAgreeWithPersonalTerms": null,
    "hasDeclinedPersonalAgreement": null,
    "probability": null,
    "productCountries": [],
    "productVarieties": [],
    "productBanner": null,
    "isShowOnTopProduct": false,
    "primaryCategoryNamePath": "Mat.se Göteborg/Hälsa & Träning/Proteindryck"
  },
  {
    "id": 104971,
    "dateCreated": "Tue Jun 04 10:35:06 CEST 2019",
    "name": "Milkshake Creamy Pear Protein",
    "showPrice": "24,50  kr",
    "friendlyUrl": "milkshake-creamy-pear-protein-barebells-330ml",
    "formattedName": "Milkshake Creamy Pear Protein",
    "ean": "7340001802672",
    "countryOfOrigin": "AT",
    "translatedCountryName": "Österrike",
    "labelTags": [
      {
        "id": 14,
        "name": "Särnär fri från gluten",
        "tag": "fri_gluten"
      },
      {
        "id": 15,
        "name": "Särnär fri från laktos",
        "tag": "fri_laktos"
      }
    ],
    "hasImage": true,
    "imageUrl": "https://d1hr6nb56yyl1.cloudfront.net/product-images/104971-150.jpg",
    "brand": {
      "id": 3423,
      "name": "Barebells"
    },
    "categories": [
      {
        "id": 11478,
        "name": "Proteindryck"
      },
      {
        "id": 10262,
        "name": "Milkshake"
      },
      {
        "id": 9230,
        "name": "Proteintillskott"
      }
    ],
    "displayBrand": "Barebells",
    "favouriteCount": 231,
    "active": true,
    "inStockQuantity": 13,
    "orderable": true,
    "price": 24.5,
    "priceWithoutVat": 21.875,
    "recommendedRetailPrice": null,
    "readableComparisonPrice": "74,24 kr/l",
    "discount": null,
    "discountedPrice": 0,
    "size": "330ML",
    "weightProduct": false,
    "vat": 12,
    "content": "MJÖLK/MÆLK, vatten/vand, MJÖLK-/MÆLKEPROTEIN, stabiliseringsmedel/ stabilisator (cellullosa, karboximetylcellulosa, karragenan), kakaosmör, arom, sötningsmedel/sødestof (acesulfam-K, sukralos), färgämne (karotener), laktas.",
    "nutrition": "Näringsvärde per 100 Milliliter\nenergi 241 Kilojoule\nenergi 57 Kilokalori\nfett 1.4 Gram\nvarav mättat fett 0.9 Gram\nkolhydrat 3.6 Gram\nvarav sockerarter 3.4 Gram\nprotein 7.2 Gram\nsalt 0.21 Gram",
    "durability": null,
    "recycling": null,
    "detail": "Proteinrik milkshake. UHT-behandlad. Innehåller sötningsmedel och naturligt förekommande socker.\n\nSorteras som plastförpackning.\n\nKan förvaras i rumstemperatur. Öppnad förpackning förvaras i kylskåp och bör förtäras inom 24 timmar.",
    "storage": "Kan förvaras i rumstemperatur. Öppnad förpackning förvaras i kylskåp och bör förtäras inom 24 timmar.",
    "combinedNameWithBrand": "Milkshake Creamy Pear Protein Barebells",
    "averageProductLife": 0,
    "minimumDaysBeforeExpire": 5,
    "averageUnitWeight": 376,
    "weight": 376,
    "isMixable": false,
    "idRequired": 0,
    "tagNames": [
      "Protein",
      "2019",
      "FREE",
      "UTS",
      "utan",
      "Päron",
      "creamy",
      "tillsatt",
      "lactose",
      "Socker",
      "Laktosfri",
      "sommar",
      "summer",
      "pear"
    ],
    "featured": false,
    "campaignRank": 109,
    "availableQuantities": [
      {
        "quantity": 13,
        "quantityKey": "dw-14474"
      },
      {
        "quantity": 13,
        "quantityKey": "dw-14408"
      },
      {
        "quantity": 13,
        "quantityKey": "dw-14436"
      },
      {
        "quantity": 13,
        "quantityKey": "dw-14398"
      },
      {
        "quantity": 13,
        "quantityKey": "dw-14406"
      },
      {
        "quantity": 13,
        "quantityKey": "dw-14416"
      },
      {
        "quantity": 13,
        "quantityKey": "dw-14400"
      },
      {
        "quantity": 13,
        "quantityKey": "dw-14390"
      },
      {
        "quantity": 13,
        "quantityKey": "dw-14426"
      },
      {
        "quantity": 13,
        "quantityKey": "dw-14450"
      },
      {
        "quantity": 13,
        "quantityKey": "dw-14468"
      },
      {
        "quantity": 13,
        "quantityKey": "dw-14422"
      },
      {
        "quantity": 13,
        "quantityKey": "dw-14442"
      },
      {
        "quantity": 13,
        "quantityKey": "dw-14466"
      },
      {
        "quantity": 13,
        "quantityKey": "dw-14392"
      },
      {
        "quantity": 13,
        "quantityKey": "dw-14414"
      },
      {
        "quantity": 13,
        "quantityKey": "dw-14452"
      },
      {
        "quantity": 13,
        "quantityKey": "dw-14460"
      },
      {
        "quantity": 13,
        "quantityKey": "dw-14434"
      },
      {
        "quantity": 13,
        "quantityKey": "dw-14458"
      },
      {
        "quantity": 13,
        "quantityKey": "dw-14428"
      },
      {
        "quantity": 13,
        "quantityKey": "dw-14444"
      },
      {
        "quantity": 13,
        "quantityKey": "default"
      }
    ],
    "emission": 0,
    "allergies": [
      {
        "id": 7,
        "infoSource": null,
        "level": {
          "enumType": "se.mat.mycroft.enums.AllergyLevel",
          "name": "CONTAINS"
        },
        "substanceName": "Mjölk"
      }
    ],
    "warehouseProductMappingId": null,
    "productRelationship": {
      "canBeReplacedWithProductIds": [],
      "canBeSubstitutedWithProductIds": [],
      "sameContentProductIds": []
    },
    "soldCount": 1130,
    "variety": "",
    "isAgreeWithPersonalTerms": null,
    "hasDeclinedPersonalAgreement": null,
    "probability": null,
    "productCountries": [],
    "productVarieties": [],
    "productBanner": null,
    "isShowOnTopProduct": false,
    "primaryCategoryNamePath": "Mat.se Göteborg/Hälsa & Träning/Proteindryck"
  },
  {
    "id": 122640,
    "dateCreated": "Thu Feb 18 11:05:57 CET 2021",
    "name": "Chocolate wafer",
    "showPrice": "16,50  kr",
    "friendlyUrl": "chocolate-wafer-nicks-40g",
    "formattedName": "Chocolate Wafer",
    "ean": "7350104401016",
    "countryOfOrigin": "BG",
    "translatedCountryName": "Bulgarien",
    "labelTags": [
      {
        "id": 14,
        "name": "Särnär fri från gluten",
        "tag": "fri_gluten"
      }
    ],
    "hasImage": true,
    "imageUrl": "https://d1hr6nb56yyl1.cloudfront.net/product-images/122640-150.jpg",
    "brand": {
      "id": 4667,
      "name": "nicks"
    },
    "categories": [
      {
        "id": 4336,
        "name": "Bars"
      },
      {
        "id": 11474,
        "name": "Bars"
      }
    ],
    "displayBrand": "nicks",
    "favouriteCount": 83,
    "active": true,
    "inStockQuantity": 62,
    "orderable": true,
    "price": 16.5,
    "priceWithoutVat": 14.7321428571,
    "recommendedRetailPrice": null,
    "readableComparisonPrice": "412,50 kr/kg",
    "discount": null,
    "discountedPrice": 0,
    "size": "40g",
    "weightProduct": false,
    "vat": 12,
    "content": "MJÖLK/MÆLKEPULVER vegetabilisk olja (shea, kokos), sötningsmedel: erytritol, kakaosmör, mjöl/mel mix (majs, potatis), polydextros (fiber), cikoriarotfiber, kakaomassa, VASSLE/MYSE/VALLEpulver, kakaopulver, SOJAMJÖL, vegetabilisk olja (solros/solsikke), naturlig arom, emulgeringsmedel (solros/solsikkelecitin, SOJALECITIN), salt, bakpulver: natriumbikarbonat, sötningsmedel: steviolglykosider. Kan innehålla spår av NÖTTER och JORDNÖTTER/PEANØTTER.",
    "nutrition": "Näringsvärde per 100 gram\nEnergi 1918/458 kilojoule/kilokalori\nFett 35.2 gram\nvarav mättat fett 20.7 gram\nKolhydrat 36.4 gram\nvarav sockerarter 12.4 gram\nvarav polyoler 15.8 gram\nFiber 14.3 gram\nProtein 9.2 gram\nSalt 0.06 gram",
    "durability": null,
    "recycling": null,
    "detail": "Krispig kexbar doppad i mjölkchoklad. Passande för lågkolhydratskost, keto, diabetes, glutenintolerans men främst för alla som vill njuta och må bra på samma gång. No added sugar, no palm oil, no gluten, just joy.\n\nUtan tillsatt socker",
    "storage": "Torrt och svalt (rumstemperatur)",
    "combinedNameWithBrand": "Chocolate Wafer Nicks",
    "averageProductLife": 0,
    "minimumDaysBeforeExpire": 31,
    "averageUnitWeight": 0,
    "weight": 41,
    "isMixable": false,
    "idRequired": 0,
    "tagNames": [],
    "featured": false,
    "campaignRank": 254,
    "availableQuantities": [
      {
        "quantity": 62,
        "quantityKey": "dw-14398"
      },
      {
        "quantity": 62,
        "quantityKey": "dw-14468"
      },
      {
        "quantity": 62,
        "quantityKey": "dw-14474"
      },
      {
        "quantity": 62,
        "quantityKey": "dw-14390"
      },
      {
        "quantity": 62,
        "quantityKey": "dw-14406"
      },
      {
        "quantity": 62,
        "quantityKey": "dw-14458"
      },
      {
        "quantity": 62,
        "quantityKey": "dw-14400"
      },
      {
        "quantity": 62,
        "quantityKey": "dw-14408"
      },
      {
        "quantity": 62,
        "quantityKey": "dw-14414"
      },
      {
        "quantity": 62,
        "quantityKey": "dw-14460"
      },
      {
        "quantity": 62,
        "quantityKey": "dw-14450"
      },
      {
        "quantity": 62,
        "quantityKey": "dw-14452"
      },
      {
        "quantity": 62,
        "quantityKey": "dw-14444"
      },
      {
        "quantity": 62,
        "quantityKey": "dw-14392"
      },
      {
        "quantity": 62,
        "quantityKey": "dw-14426"
      },
      {
        "quantity": 62,
        "quantityKey": "dw-14434"
      },
      {
        "quantity": 62,
        "quantityKey": "dw-14442"
      },
      {
        "quantity": 62,
        "quantityKey": "dw-14466"
      },
      {
        "quantity": 62,
        "quantityKey": "dw-14428"
      },
      {
        "quantity": 62,
        "quantityKey": "dw-14422"
      },
      {
        "quantity": 62,
        "quantityKey": "dw-14416"
      },
      {
        "quantity": 62,
        "quantityKey": "dw-14436"
      },
      {
        "quantity": 62,
        "quantityKey": "default"
      }
    ],
    "emission": 0,
    "allergies": [
      {
        "id": 5,
        "infoSource": null,
        "level": {
          "enumType": "se.mat.mycroft.enums.AllergyLevel",
          "name": "TRACES"
        },
        "substanceName": "Jordnötter"
      },
      {
        "id": 7,
        "infoSource": null,
        "level": {
          "enumType": "se.mat.mycroft.enums.AllergyLevel",
          "name": "CONTAINS"
        },
        "substanceName": "Mjölk"
      },
      {
        "id": 6,
        "infoSource": null,
        "level": {
          "enumType": "se.mat.mycroft.enums.AllergyLevel",
          "name": "CONTAINS"
        },
        "substanceName": "Sojabönor"
      },
      {
        "id": 10,
        "infoSource": null,
        "level": {
          "enumType": "se.mat.mycroft.enums.AllergyLevel",
          "name": "TRACES"
        },
        "substanceName": "Nötter"
      }
    ],
    "warehouseProductMappingId": null,
    "productRelationship": {
      "canBeReplacedWithProductIds": [],
      "canBeSubstitutedWithProductIds": [],
      "sameContentProductIds": []
    },
    "soldCount": 498,
    "variety": "",
    "isAgreeWithPersonalTerms": null,
    "hasDeclinedPersonalAgreement": null,
    "probability": null,
    "productCountries": [],
    "productVarieties": [],
    "productBanner": null,
    "isShowOnTopProduct": false,
    "primaryCategoryNamePath": "Mat.se Göteborg/Apoteksvaror/Vitaminer, Hälso- & Kosttillskott/Bars"
  },
  {
    "id": 116035,
    "dateCreated": "Mon Apr 06 10:44:48 CEST 2020",
    "name": "Salty Peanut Vegan Bar",
    "showPrice": "25,50  kr",
    "friendlyUrl": "salty-peanut-vegan-bar-barebells-55g",
    "formattedName": "Salty Peanut Vegan Bar",
    "ean": "7340001803471",
    "countryOfOrigin": "EU",
    "translatedCountryName": "EU",
    "labelTags": [],
    "hasImage": true,
    "imageUrl": "https://d1hr6nb56yyl1.cloudfront.net/product-images/116035-150.jpg",
    "brand": {
      "id": 3423,
      "name": "Barebells"
    },
    "categories": [
      {
        "id": 4336,
        "name": "Bars"
      },
      {
        "id": 11474,
        "name": "Bars"
      }
    ],
    "displayBrand": "Barebells",
    "favouriteCount": 224,
    "active": true,
    "inStockQuantity": 12,
    "orderable": true,
    "price": 25.5,
    "priceWithoutVat": 22.7678571429,
    "recommendedRetailPrice": null,
    "readableComparisonPrice": "463,64 kr/kg",
    "discount": null,
    "discountedPrice": 0,
    "size": "55G",
    "weightProduct": false,
    "vat": 12,
    "content": "Protein (SOJA, ärta, ris), fuktighetsbevarande medel (vegetabilisk glycerol), fiber (polydextros, oligofruktos), sötningsmedel (maltitol, sukralos), kakaosmör, kakaomassa, JORDNÖTTER, SOJAKRISP (SOJAPROTEIN, kakaopulver, tapiokastärkelse), solrosolja, JORDNÖTSSMÖR (JORDNÖTTER; JORDNÖTSOLJA), rismjöl, kakaopulver, arom, salt, emulgeringsmedel (SOJALECITIN). Kan innehålla spår av GLUTEN, MJÖLK, ÄGG och NÖTTER",
    "nutrition": "Näringsvärde per 100 Gram\nenergi 1628 Kilojoule\nenergi 391 Kilokalori\nfett 19 Gram\nvarav mättat fett 8.1 Gram\nkolhydrat 35 Gram\nvarav sockerarter 1.6 Gram\nfiber 12 Gram\nprotein 27 Gram\nsalt 0.87 Gram",
    "durability": null,
    "recycling": null,
    "detail": "Vegansk proteinbar med salta jordnötter (5 %) och kakaoöverdrag. Innehåller sötningsmedel.\nInnehåller naturligt förekommande socker. Utan palmolja.\n\nÖverdriven konsumtion kan ha laxerande effekt. Sorteras som plastförpackning.\n\nFörvaras i rumstemperatur.",
    "storage": "Förvaras i rumstemperatur.",
    "combinedNameWithBrand": "Salty Peanut Vegan Bar Barebells",
    "averageProductLife": 0,
    "minimumDaysBeforeExpire": 31,
    "averageUnitWeight": 56,
    "weight": 56,
    "isMixable": false,
    "idRequired": 0,
    "tagNames": [
      "peanut",
      "tillsatt",
      "barebells",
      "Jordnöt",
      "utan",
      "Jordnötter",
      "vegan",
      "UTS",
      "Socker",
      "salty",
      "Protein",
      "bar"
    ],
    "featured": false,
    "campaignRank": 243,
    "availableQuantities": [
      {
        "quantity": 12,
        "quantityKey": "dw-14416"
      },
      {
        "quantity": 12,
        "quantityKey": "dw-14444"
      },
      {
        "quantity": 12,
        "quantityKey": "dw-14480"
      },
      {
        "quantity": 12,
        "quantityKey": "dw-14426"
      },
      {
        "quantity": 12,
        "quantityKey": "dw-14452"
      },
      {
        "quantity": 12,
        "quantityKey": "dw-14442"
      },
      {
        "quantity": 12,
        "quantityKey": "dw-14466"
      },
      {
        "quantity": 12,
        "quantityKey": "dw-14450"
      },
      {
        "quantity": 12,
        "quantityKey": "dw-14436"
      },
      {
        "quantity": 12,
        "quantityKey": "dw-14428"
      },
      {
        "quantity": 12,
        "quantityKey": "dw-14468"
      },
      {
        "quantity": 12,
        "quantityKey": "dw-14408"
      },
      {
        "quantity": 12,
        "quantityKey": "dw-14434"
      },
      {
        "quantity": 12,
        "quantityKey": "dw-14422"
      },
      {
        "quantity": 12,
        "quantityKey": "dw-14474"
      },
      {
        "quantity": 12,
        "quantityKey": "dw-14406"
      },
      {
        "quantity": 12,
        "quantityKey": "dw-14400"
      },
      {
        "quantity": 12,
        "quantityKey": "dw-14458"
      },
      {
        "quantity": 12,
        "quantityKey": "dw-14414"
      },
      {
        "quantity": 12,
        "quantityKey": "default"
      },
      {
        "quantity": 12,
        "quantityKey": "dw-14460"
      },
      {
        "quantity": 12,
        "quantityKey": "dw-14478"
      }
    ],
    "emission": 0,
    "allergies": [
      {
        "id": 10,
        "infoSource": null,
        "level": {
          "enumType": "se.mat.mycroft.enums.AllergyLevel",
          "name": "TRACES"
        },
        "substanceName": "Nötter"
      },
      {
        "id": 5,
        "infoSource": null,
        "level": {
          "enumType": "se.mat.mycroft.enums.AllergyLevel",
          "name": "CONTAINS"
        },
        "substanceName": "Jordnötter"
      },
      {
        "id": 1,
        "infoSource": null,
        "level": {
          "enumType": "se.mat.mycroft.enums.AllergyLevel",
          "name": "TRACES"
        },
        "substanceName": "Gluten"
      },
      {
        "id": 7,
        "infoSource": null,
        "level": {
          "enumType": "se.mat.mycroft.enums.AllergyLevel",
          "name": "TRACES"
        },
        "substanceName": "Mjölk"
      },
      {
        "id": 6,
        "infoSource": null,
        "level": {
          "enumType": "se.mat.mycroft.enums.AllergyLevel",
          "name": "CONTAINS"
        },
        "substanceName": "Sojabönor"
      },
      {
        "id": 3,
        "infoSource": null,
        "level": {
          "enumType": "se.mat.mycroft.enums.AllergyLevel",
          "name": "TRACES"
        },
        "substanceName": "Ägg"
      }
    ],
    "warehouseProductMappingId": null,
    "productRelationship": {
      "canBeReplacedWithProductIds": [],
      "canBeSubstitutedWithProductIds": [],
      "sameContentProductIds": []
    },
    "soldCount": 1271,
    "variety": "",
    "isAgreeWithPersonalTerms": null,
    "hasDeclinedPersonalAgreement": null,
    "probability": null,
    "productCountries": [],
    "productVarieties": [],
    "productBanner": null,
    "isShowOnTopProduct": false,
    "primaryCategoryNamePath": "Mat.se Göteborg/Apoteksvaror/Vitaminer, Hälso- & Kosttillskott/Bars"
  },
  {
    "id": 93860,
    "dateCreated": "Fri Oct 20 13:36:38 CEST 2017",
    "name": "Milkshake Vanilla",
    "showPrice": "24,50  kr",
    "friendlyUrl": "protein-milkshake-vanilla-barebells-330-ml",
    "formattedName": "Milkshake Vanilla",
    "ean": "7340001800906",
    "countryOfOrigin": "AT",
    "translatedCountryName": "Österrike",
    "labelTags": [
      {
        "id": 15,
        "name": "Särnär fri från laktos",
        "tag": "fri_laktos"
      }
    ],
    "hasImage": true,
    "imageUrl": "https://d1hr6nb56yyl1.cloudfront.net/product-images/93860-150.jpg",
    "brand": {
      "id": 3423,
      "name": "Barebells"
    },
    "categories": [
      {
        "id": 9230,
        "name": "Proteintillskott"
      },
      {
        "id": 11478,
        "name": "Proteindryck"
      },
      {
        "id": 9326,
        "name": "Hälsodrycker"
      }
    ],
    "displayBrand": "Barebells",
    "favouriteCount": 239,
    "active": true,
    "inStockQuantity": 16,
    "orderable": true,
    "price": 24.5,
    "priceWithoutVat": 21.875,
    "recommendedRetailPrice": null,
    "readableComparisonPrice": "74,24 kr/l",
    "discount": null,
    "discountedPrice": 0,
    "size": "330ML",
    "weightProduct": false,
    "vat": 12,
    "content": "MJÖLK/MÆLK, vatten/vand, MJÖLK/MÆLKEPROTEIN, kakaosmör, arom (vanilj/vanilje), stabiliseringsmedel/stabilisator (cellulosa, karboximetylcellulosa, karragenan), sötningsmedel/sødestof (acesulfam-K, sukralos), färgämne/fargestoff (karoten), laktas.",
    "nutrition": "Näringsvärde per 100 Milliliter\nenergi 235 Kilojoule\nenergi 56 Kilokalori\nfett 1.4 Gram\nvarav mättat fett 0.9 Gram\nkolhydrat 3.5 Gram\nvarav sockerarter 3.5 Gram\nprotein 7.3 Gram\nsalt 0.22 Gram",
    "durability": null,
    "recycling": null,
    "detail": "Proteinrik milkshake med smak av vanilj. Innehåller sötningsmedel.\n\nSorteras som plastförpackning.\n\nKan förvaras i rumstemperatur. Öppnad förpackning förvaras i kylskåp och bör förtäras inom 24 timmar.",
    "storage": "Kan förvaras i rumstemperatur. Öppnad förpackning förvaras i kylskåp och bör förtäras inom 24 timmar.",
    "combinedNameWithBrand": "Milkshake Vanilla Barebells",
    "averageProductLife": 0,
    "minimumDaysBeforeExpire": 5,
    "averageUnitWeight": 363,
    "weight": 363,
    "isMixable": false,
    "idRequired": 0,
    "tagNames": [],
    "featured": false,
    "campaignRank": 108,
    "availableQuantities": [
      {
        "quantity": 16,
        "quantityKey": "dw-14450"
      },
      {
        "quantity": 16,
        "quantityKey": "dw-14480"
      },
      {
        "quantity": 16,
        "quantityKey": "dw-14414"
      },
      {
        "quantity": 16,
        "quantityKey": "dw-14466"
      },
      {
        "quantity": 16,
        "quantityKey": "dw-14400"
      },
      {
        "quantity": 16,
        "quantityKey": "dw-14458"
      },
      {
        "quantity": 16,
        "quantityKey": "dw-14434"
      },
      {
        "quantity": 16,
        "quantityKey": "dw-14444"
      },
      {
        "quantity": 16,
        "quantityKey": "dw-14452"
      },
      {
        "quantity": 16,
        "quantityKey": "dw-14426"
      },
      {
        "quantity": 16,
        "quantityKey": "dw-14468"
      },
      {
        "quantity": 16,
        "quantityKey": "dw-14460"
      },
      {
        "quantity": 16,
        "quantityKey": "dw-14474"
      },
      {
        "quantity": 16,
        "quantityKey": "dw-14478"
      },
      {
        "quantity": 16,
        "quantityKey": "dw-14442"
      },
      {
        "quantity": 10,
        "quantityKey": "dw-14398"
      },
      {
        "quantity": 16,
        "quantityKey": "dw-14436"
      },
      {
        "quantity": 10,
        "quantityKey": "dw-14390"
      },
      {
        "quantity": 16,
        "quantityKey": "dw-14408"
      },
      {
        "quantity": 16,
        "quantityKey": "dw-14416"
      },
      {
        "quantity": 16,
        "quantityKey": "default"
      },
      {
        "quantity": 16,
        "quantityKey": "dw-14406"
      },
      {
        "quantity": 10,
        "quantityKey": "dw-14392"
      },
      {
        "quantity": 16,
        "quantityKey": "dw-14428"
      },
      {
        "quantity": 16,
        "quantityKey": "dw-14422"
      }
    ],
    "emission": 0,
    "allergies": [
      {
        "id": 7,
        "infoSource": null,
        "level": {
          "enumType": "se.mat.mycroft.enums.AllergyLevel",
          "name": "CONTAINS"
        },
        "substanceName": "Mjölk"
      }
    ],
    "warehouseProductMappingId": null,
    "productRelationship": {
      "canBeReplacedWithProductIds": [],
      "canBeSubstitutedWithProductIds": [],
      "sameContentProductIds": []
    },
    "soldCount": 1617,
    "variety": "",
    "isAgreeWithPersonalTerms": null,
    "hasDeclinedPersonalAgreement": null,
    "probability": null,
    "productCountries": [],
    "productVarieties": [],
    "productBanner": null,
    "isShowOnTopProduct": false,
    "primaryCategoryNamePath": "Mat.se Göteborg/Apoteksvaror/Vitaminer, Hälso- & Kosttillskott/Proteintillskott"
  },
  {
    "id": 88205,
    "dateCreated": "Wed Feb 15 20:27:15 CET 2017",
    "name": "Propud Vanilla Laktosfri Milkshake",
    "showPrice": "<span class='color-red'> 15,38  kr </span>\n                       <br class=\"mobileNone\"/>\n                        <span class='priceWithoutDiscount'>20,50  kr</span>",
    "friendlyUrl": "propud-proteinmilkshake-vanilla-njie-330-ml",
    "formattedName": "Propud Vanilla Laktosfri Milkshake",
    "ean": "7350068291241",
    "countryOfOrigin": "AT",
    "translatedCountryName": "Österrike",
    "labelTags": [
      {
        "id": 15,
        "name": "Särnär fri från laktos",
        "tag": "fri_laktos"
      }
    ],
    "hasImage": true,
    "imageUrl": "https://d1hr6nb56yyl1.cloudfront.net/product-images/88205-150.jpg",
    "brand": {
      "id": 1518,
      "name": "NJIE"
    },
    "categories": [
      {
        "id": 9230,
        "name": "Proteintillskott"
      },
      {
        "id": 11478,
        "name": "Proteindryck"
      },
      {
        "id": 10262,
        "name": "Milkshake"
      }
    ],
    "displayBrand": "NJIE",
    "favouriteCount": 678,
    "active": true,
    "inStockQuantity": 13,
    "orderable": false,
    "price": 20.5,
    "priceWithoutVat": 18.3035714286,
    "recommendedRetailPrice": null,
    "readableComparisonPrice": "46,59 kr/l",
    "discount": {
      "id": 55886,
      "discountInPercent": 25,
      "discountInAmount": 0,
      "discountInNumberOfProducts": 0,
      "multibuyPrice": 0,
      "fixedPrice": 0,
      "afterNumberOfProducts": 0,
      "discountType": "PERCENT",
      "discountCategory": "OFFER",
      "maxPerOrder": 0,
      "startDateInMillis": 1653429600000000,
      "stopDateInMillis": 1654120799000000
    },
    "discountedPrice": 15.375,
    "size": "330ML",
    "weightProduct": false,
    "vat": 12,
    "content": "MJÖLK/MELK/MÆLK, MJÖLKPROTEIN/MELKEPROTEIN/MÆLKEPROTEIN, stabiliseringsmedel/stabilisator (gellangummi/gellan, cellulosagummi, karragenan), arom, sötningsmedel/søtstoffer (steviolglykosider från stevia, acesulfam K), laktasenzym. UHT-behandlad. Innehåller naturligt förekommande socker/Med et naturlig innhold av sukker.",
    "nutrition": "Näringsvärde per 100 Milliliter\nenergi 243 Kilojoule\nenergi 58 Kilokalori\nfett 1.5 Gram\nvarav mättat fett 0.9 Gram\nkolhydrat 4.9 Gram\nvarav sockerarter 4.9 Gram\nprotein 6.1 Gram\nsalt 0.1 Gram",
    "durability": null,
    "recycling": null,
    "detail": "Omskakas före användning. Serveras kyld.\n\nOöppnad förpackning kan förvaras i rumstemperatur. Öppnad förpackning förvaras i kyl och bör konsumeras inom 24 timmar.",
    "storage": "Oöppnad förpackning kan förvaras i rumstemperatur. Öppnad förpackning förvaras i kyl och bör konsumeras inom 24 timmar.",
    "combinedNameWithBrand": "Propud Vanilla Laktosfri Milkshake Njie",
    "averageProductLife": 239.5,
    "minimumDaysBeforeExpire": 5,
    "averageUnitWeight": 370,
    "weight": 370,
    "isMixable": false,
    "idRequired": 0,
    "tagNames": [
      "shake",
      "milk",
      "proteinmilkshake",
      "proteinshake",
      "milkshake",
      "Protein",
      "hälsa",
      "träning"
    ],
    "featured": false,
    "campaignRank": 87,
    "availableQuantities": [
      {
        "quantity": 13,
        "quantityKey": "dw-14468"
      },
      {
        "quantity": 13,
        "quantityKey": "dw-14474"
      },
      {
        "quantity": 13,
        "quantityKey": "dw-14414"
      },
      {
        "quantity": 13,
        "quantityKey": "dw-14444"
      },
      {
        "quantity": 13,
        "quantityKey": "dw-14436"
      },
      {
        "quantity": 13,
        "quantityKey": "dw-14408"
      },
      {
        "quantity": 13,
        "quantityKey": "default"
      },
      {
        "quantity": 13,
        "quantityKey": "dw-14458"
      },
      {
        "quantity": 13,
        "quantityKey": "dw-14422"
      },
      {
        "quantity": 13,
        "quantityKey": "dw-14426"
      },
      {
        "quantity": 13,
        "quantityKey": "dw-14452"
      },
      {
        "quantity": 13,
        "quantityKey": "dw-14416"
      },
      {
        "quantity": 13,
        "quantityKey": "dw-14428"
      },
      {
        "quantity": 13,
        "quantityKey": "dw-14466"
      },
      {
        "quantity": 13,
        "quantityKey": "dw-14450"
      },
      {
        "quantity": 13,
        "quantityKey": "dw-14480"
      },
      {
        "quantity": 13,
        "quantityKey": "dw-14460"
      },
      {
        "quantity": 13,
        "quantityKey": "dw-14442"
      },
      {
        "quantity": 13,
        "quantityKey": "dw-14478"
      },
      {
        "quantity": 13,
        "quantityKey": "dw-14434"
      }
    ],
    "emission": 0,
    "allergies": [
      {
        "id": 7,
        "infoSource": null,
        "level": {
          "enumType": "se.mat.mycroft.enums.AllergyLevel",
          "name": "CONTAINS"
        },
        "substanceName": "Mjölk"
      }
    ],
    "warehouseProductMappingId": null,
    "productRelationship": {
      "canBeReplacedWithProductIds": [],
      "canBeSubstitutedWithProductIds": [],
      "sameContentProductIds": []
    },
    "soldCount": 5744,
    "variety": "",
    "isAgreeWithPersonalTerms": null,
    "hasDeclinedPersonalAgreement": null,
    "probability": null,
    "productCountries": [],
    "productVarieties": [],
    "productBanner": null,
    "isShowOnTopProduct": false,
    "primaryCategoryNamePath": "Mat.se Göteborg/Apoteksvaror/Vitaminer, Hälso- & Kosttillskott/Proteintillskott"
  },
  {
    "id": 96940,
    "dateCreated": "Wed Apr 04 14:44:37 CEST 2018",
    "name": "White Chocolate Almond Protein Bar",
    "showPrice": "25,50  kr",
    "friendlyUrl": "protein-bar-white-chocolate-almond-barebells-55g",
    "formattedName": "White Chocolate Almond Protein Bar",
    "ean": "7340001801071",
    "countryOfOrigin": "EU",
    "translatedCountryName": "EU",
    "labelTags": [],
    "hasImage": true,
    "imageUrl": "https://d1hr6nb56yyl1.cloudfront.net/product-images/96940-150.jpg",
    "brand": {
      "id": 3423,
      "name": "Barebells"
    },
    "categories": [
      {
        "id": 4336,
        "name": "Bars"
      },
      {
        "id": 9230,
        "name": "Proteintillskott"
      },
      {
        "id": 11474,
        "name": "Bars"
      }
    ],
    "displayBrand": "Barebells",
    "favouriteCount": 482,
    "active": true,
    "inStockQuantity": 5,
    "orderable": true,
    "price": 25.5,
    "priceWithoutVat": 22.7678571429,
    "recommendedRetailPrice": null,
    "readableComparisonPrice": "463,64 kr/kg",
    "discount": null,
    "discountedPrice": 0,
    "size": "55G",
    "weightProduct": false,
    "vat": 12,
    "content": "MJÖLKPROTEIN, vit choklad (sötningsmedel (maltitol), kakaosmör, MJÖLKPULVER, emulgeringsmedel (SOJALECITIN), arom), fuktighetsbevarande medel (glycerol), isomalto-oligosackarider, kollagenpeptider, vatten, MANDEL, palmfett, SOJAKRISP (SOJAPROTEIN, kakao, tapiokastärkelse), kakao, MJÖLKCHOKLAD (sötningmedel (maltitol), kakaosmör, MJÖLKPULVER, kakaomassa, emulgeringsmedel (SOJALECITIN), arom), arom, salt, sötningsmedel (sukralos, acesulfam K).",
    "nutrition": "Näringsvärde per 100 Gram\nenergi 1542 Kilojoule\nenergi 369 Kilokalori\nfett 16 Gram\nvarav mättat fett 7.9 Gram\nkolhydrat 28 Gram\nvarav sockerarter 2.9 Gram\nfiber 6.9 Gram\nprotein 36 Gram\nsalt 0.46 Gram",
    "durability": null,
    "recycling": null,
    "detail": "Proteinbar med vit choklad och mandel. Innehåller sötningsmedel och naturligt förekommande socker.\n\nÖverdriven konsumtion kan ha laxerande effekt. Sorteras som plastförpackning.\n\nFörvaras i rumstemperatur.",
    "storage": "Förvaras i rumstemperatur.",
    "combinedNameWithBrand": "White Chocolate Almond Protein Bar Barebells",
    "averageProductLife": 0,
    "minimumDaysBeforeExpire": 31,
    "averageUnitWeight": 56,
    "weight": 56,
    "isMixable": false,
    "idRequired": 0,
    "tagNames": [],
    "featured": false,
    "campaignRank": 239,
    "availableQuantities": [
      {
        "quantity": 5,
        "quantityKey": "dw-14390"
      },
      {
        "quantity": 5,
        "quantityKey": "dw-14474"
      },
      {
        "quantity": 5,
        "quantityKey": "dw-14444"
      },
      {
        "quantity": 5,
        "quantityKey": "dw-14406"
      },
      {
        "quantity": 5,
        "quantityKey": "default"
      },
      {
        "quantity": 5,
        "quantityKey": "dw-14428"
      },
      {
        "quantity": 5,
        "quantityKey": "dw-14450"
      },
      {
        "quantity": 5,
        "quantityKey": "dw-14452"
      },
      {
        "quantity": 5,
        "quantityKey": "dw-14468"
      },
      {
        "quantity": 5,
        "quantityKey": "dw-14436"
      },
      {
        "quantity": 5,
        "quantityKey": "dw-14398"
      },
      {
        "quantity": 5,
        "quantityKey": "dw-14400"
      },
      {
        "quantity": 5,
        "quantityKey": "dw-14480"
      },
      {
        "quantity": 5,
        "quantityKey": "dw-14416"
      },
      {
        "quantity": 5,
        "quantityKey": "dw-14458"
      },
      {
        "quantity": 5,
        "quantityKey": "dw-14478"
      },
      {
        "quantity": 5,
        "quantityKey": "dw-14434"
      },
      {
        "quantity": 5,
        "quantityKey": "dw-14422"
      },
      {
        "quantity": 5,
        "quantityKey": "dw-14408"
      },
      {
        "quantity": 5,
        "quantityKey": "dw-14442"
      },
      {
        "quantity": 5,
        "quantityKey": "dw-14426"
      },
      {
        "quantity": 5,
        "quantityKey": "dw-14392"
      },
      {
        "quantity": 5,
        "quantityKey": "dw-14460"
      },
      {
        "quantity": 5,
        "quantityKey": "dw-14414"
      },
      {
        "quantity": 5,
        "quantityKey": "dw-14466"
      }
    ],
    "emission": 0,
    "allergies": [
      {
        "id": 5,
        "infoSource": null,
        "level": {
          "enumType": "se.mat.mycroft.enums.AllergyLevel",
          "name": "TRACES"
        },
        "substanceName": "Jordnötter"
      },
      {
        "id": 6,
        "infoSource": null,
        "level": {
          "enumType": "se.mat.mycroft.enums.AllergyLevel",
          "name": "CONTAINS"
        },
        "substanceName": "Sojabönor"
      },
      {
        "id": 1,
        "infoSource": null,
        "level": {
          "enumType": "se.mat.mycroft.enums.AllergyLevel",
          "name": "TRACES"
        },
        "substanceName": "Gluten"
      },
      {
        "id": 10,
        "infoSource": null,
        "level": {
          "enumType": "se.mat.mycroft.enums.AllergyLevel",
          "name": "CONTAINS"
        },
        "substanceName": "Nötter"
      },
      {
        "id": 7,
        "infoSource": null,
        "level": {
          "enumType": "se.mat.mycroft.enums.AllergyLevel",
          "name": "CONTAINS"
        },
        "substanceName": "Mjölk"
      },
      {
        "id": 3,
        "infoSource": null,
        "level": {
          "enumType": "se.mat.mycroft.enums.AllergyLevel",
          "name": "TRACES"
        },
        "substanceName": "Ägg"
      }
    ],
    "warehouseProductMappingId": null,
    "productRelationship": {
      "canBeReplacedWithProductIds": [],
      "canBeSubstitutedWithProductIds": [],
      "sameContentProductIds": []
    },
    "soldCount": 2799,
    "variety": "",
    "isAgreeWithPersonalTerms": null,
    "hasDeclinedPersonalAgreement": null,
    "probability": null,
    "productCountries": [],
    "productVarieties": [],
    "productBanner": null,
    "isShowOnTopProduct": false,
    "primaryCategoryNamePath": "Mat.se Göteborg/Apoteksvaror/Vitaminer, Hälso- & Kosttillskott/Bars"
  },
  {
    "id": 104945,
    "dateCreated": "Wed May 08 11:20:56 CEST 2019",
    "name": "Propud Strawberry Laktosfri Milkshake",
    "showPrice": "20,50  kr",
    "friendlyUrl": "propud-strawberry-protein-milkshake-njie-330ml",
    "formattedName": "Propud Strawberry Laktosfri Milkshake",
    "ean": "7350068295232",
    "countryOfOrigin": "DE",
    "translatedCountryName": "Tyskland",
    "labelTags": [
      {
        "id": 15,
        "name": "Särnär fri från laktos",
        "tag": "fri_laktos"
      }
    ],
    "hasImage": true,
    "imageUrl": "https://d1hr6nb56yyl1.cloudfront.net/product-images/104945-150.jpg",
    "brand": {
      "id": 1518,
      "name": "NJIE"
    },
    "categories": [
      {
        "id": 9230,
        "name": "Proteintillskott"
      },
      {
        "id": 10262,
        "name": "Milkshake"
      },
      {
        "id": 11478,
        "name": "Proteindryck"
      }
    ],
    "displayBrand": "NJIE",
    "favouriteCount": 554,
    "active": true,
    "inStockQuantity": 29,
    "orderable": true,
    "price": 20.5,
    "priceWithoutVat": 18.3035714286,
    "recommendedRetailPrice": null,
    "readableComparisonPrice": "62,12 kr/l",
    "discount": null,
    "discountedPrice": 0,
    "size": "330ML",
    "weightProduct": false,
    "vat": 12,
    "content": "MJÖLK/MELK/MÆLK, MJÖLKPROTEIN/MELKEPROTEIN/MÆLKEPROTEIN, stabiliseringsmedel/stabilisator (gellangummi/gellan, cellulosagummi, karragenan), arom, sötningsmedel/søtstoffer (steviolglykosider från stevia, acesulfam K), färgämne/fargestoff (karotener), laktasenzym. UHT-behandlad. Innehåller naturligt förekommande socker/Med et naturlig innhold av sukker.",
    "nutrition": "Näringsvärde per 100 Milliliter\nenergi 243 Kilojoule\nenergi 58 Kilokalori\nfett 1.5 Gram\nvarav mättat fett 0.9 Gram\nkolhydrat 4.9 Gram\nvarav sockerarter 4.9 Gram\nprotein 6.1 Gram\nsalt 0.1 Gram",
    "durability": null,
    "recycling": null,
    "detail": "NJIE ProPud Proteinmilkshake Strawberry- en krämig och len milkshake med smak av somrig jordgubb. Utan tillsatt socker, laktosfri och med 20 g protein per flaska.\n\nOmskakas före servering. Serveras kyld.\n\nOöppnad förpackning kan förvaras i rumstemperatur. Öppnad förpackning förvaras i kyl och bör konsumeras inom 24 timmar.",
    "storage": "Oöppnad förpackning kan förvaras i rumstemperatur. Öppnad förpackning förvaras i kyl och bör konsumeras inom 24 timmar.",
    "combinedNameWithBrand": "Propud Strawberry Laktosfri Milkshake Njie",
    "averageProductLife": 243.9,
    "minimumDaysBeforeExpire": 5,
    "averageUnitWeight": 370,
    "weight": 370,
    "isMixable": false,
    "idRequired": 0,
    "tagNames": [],
    "featured": false,
    "campaignRank": 82,
    "availableQuantities": [
      {
        "quantity": 29,
        "quantityKey": "dw-14390"
      },
      {
        "quantity": 29,
        "quantityKey": "dw-14416"
      },
      {
        "quantity": 29,
        "quantityKey": "dw-14458"
      },
      {
        "quantity": 29,
        "quantityKey": "dw-14452"
      },
      {
        "quantity": 29,
        "quantityKey": "dw-14428"
      },
      {
        "quantity": 29,
        "quantityKey": "dw-14392"
      },
      {
        "quantity": 29,
        "quantityKey": "dw-14400"
      },
      {
        "quantity": 29,
        "quantityKey": "dw-14406"
      },
      {
        "quantity": 29,
        "quantityKey": "dw-14426"
      },
      {
        "quantity": 29,
        "quantityKey": "dw-14468"
      },
      {
        "quantity": 29,
        "quantityKey": "dw-14474"
      },
      {
        "quantity": 29,
        "quantityKey": "dw-14460"
      },
      {
        "quantity": 29,
        "quantityKey": "dw-14478"
      },
      {
        "quantity": 29,
        "quantityKey": "default"
      },
      {
        "quantity": 29,
        "quantityKey": "dw-14434"
      },
      {
        "quantity": 29,
        "quantityKey": "dw-14408"
      },
      {
        "quantity": 29,
        "quantityKey": "dw-14398"
      },
      {
        "quantity": 29,
        "quantityKey": "dw-14414"
      },
      {
        "quantity": 29,
        "quantityKey": "dw-14480"
      },
      {
        "quantity": 29,
        "quantityKey": "dw-14444"
      },
      {
        "quantity": 29,
        "quantityKey": "dw-14450"
      },
      {
        "quantity": 29,
        "quantityKey": "dw-14466"
      },
      {
        "quantity": 29,
        "quantityKey": "dw-14436"
      },
      {
        "quantity": 29,
        "quantityKey": "dw-14442"
      },
      {
        "quantity": 29,
        "quantityKey": "dw-14422"
      }
    ],
    "emission": 0,
    "allergies": [
      {
        "id": 7,
        "infoSource": null,
        "level": {
          "enumType": "se.mat.mycroft.enums.AllergyLevel",
          "name": "CONTAINS"
        },
        "substanceName": "Mjölk"
      }
    ],
    "warehouseProductMappingId": null,
    "productRelationship": {
      "canBeReplacedWithProductIds": [],
      "canBeSubstitutedWithProductIds": [],
      "sameContentProductIds": []
    },
    "soldCount": 3401,
    "variety": "",
    "isAgreeWithPersonalTerms": null,
    "hasDeclinedPersonalAgreement": null,
    "probability": null,
    "productCountries": [],
    "productVarieties": [],
    "productBanner": null,
    "isShowOnTopProduct": false,
    "primaryCategoryNamePath": "Mat.se Göteborg/Apoteksvaror/Vitaminer, Hälso- & Kosttillskott/Proteintillskott"
  },
  {
    "id": 98571,
    "dateCreated": "Wed May 09 13:47:29 CEST 2018",
    "name": "Propud Pear/vanilla Laktosfri Milkshake",
    "showPrice": "20,50  kr",
    "friendlyUrl": "pp-protein-milkshake-pear-vanilla-njie-330-ml",
    "formattedName": "Propud Pear/vanilla Laktosfri Milkshake",
    "ean": "7350068291272",
    "countryOfOrigin": "DE",
    "translatedCountryName": "Tyskland",
    "labelTags": [
      {
        "id": 15,
        "name": "Särnär fri från laktos",
        "tag": "fri_laktos"
      }
    ],
    "hasImage": true,
    "imageUrl": "https://d1hr6nb56yyl1.cloudfront.net/product-images/98571-150.jpg",
    "brand": {
      "id": 1518,
      "name": "NJIE"
    },
    "categories": [
      {
        "id": 11478,
        "name": "Proteindryck"
      },
      {
        "id": 10262,
        "name": "Milkshake"
      },
      {
        "id": 9230,
        "name": "Proteintillskott"
      }
    ],
    "displayBrand": "NJIE",
    "favouriteCount": 575,
    "active": true,
    "inStockQuantity": 25,
    "orderable": true,
    "price": 20.5,
    "priceWithoutVat": 18.3035714286,
    "recommendedRetailPrice": null,
    "readableComparisonPrice": "62,12 kr/l",
    "discount": null,
    "discountedPrice": 0,
    "size": "330ML",
    "weightProduct": false,
    "vat": 12,
    "content": "MJÖLK/MELK/MÆLK, MJÖLKPROTEIN/MELKEPROTEIN/MÆLKEPROTEIN, stabiliseringsmedel/stabilisator (gellangummi/gellan, cellulosagummi, karragenan), arom, sötningsmedel/søtstoffer (steviolglykosider från stevia, acesulfam K), färgämne/fargestoff (karotener), laktasenzym. UHT-behandlad. Innehåller naturligt förekommande socker/Med et naturlig innhold av sukker.",
    "nutrition": "Näringsvärde per 100 Milliliter\nenergi 243 Kilojoule\nenergi 58 Kilokalori\nfett 1.5 Gram\nvarav mättat fett 0.9 Gram\nkolhydrat 4.9 Gram\nvarav sockerarter 4.9 Gram\nprotein 6.1 Gram\nsalt 0.1 Gram",
    "durability": null,
    "recycling": null,
    "detail": "NJIE ProPud Protein Milkshake Pear Vanilla - en krämig och len milkshake med smak av päron och vanilj. Utan tillsatt socker, laktosfri och med 20 g protein per flaska.\n\nSkakas för användning. Serveras kyld.\n\nOöppnad förpackning kan förvaras i rumstemperatur. Öppnad förpackning förvaras i kyl och bör konsumeras inom 24 timmar.",
    "storage": "Oöppnad förpackning kan förvaras i rumstemperatur. Öppnad förpackning förvaras i kyl och bör konsumeras inom 24 timmar.",
    "combinedNameWithBrand": "Propud Pear/vanilla Laktosfri Milkshake Njie",
    "averageProductLife": 230.2,
    "minimumDaysBeforeExpire": 5,
    "averageUnitWeight": 370,
    "weight": 370,
    "isMixable": false,
    "idRequired": 0,
    "tagNames": [],
    "featured": false,
    "campaignRank": 79,
    "availableQuantities": [
      {
        "quantity": 25,
        "quantityKey": "dw-14406"
      },
      {
        "quantity": 25,
        "quantityKey": "dw-14416"
      },
      {
        "quantity": 25,
        "quantityKey": "dw-14400"
      },
      {
        "quantity": 25,
        "quantityKey": "dw-14398"
      },
      {
        "quantity": 25,
        "quantityKey": "dw-14390"
      },
      {
        "quantity": 25,
        "quantityKey": "dw-14442"
      },
      {
        "quantity": 25,
        "quantityKey": "dw-14466"
      },
      {
        "quantity": 25,
        "quantityKey": "dw-14426"
      },
      {
        "quantity": 25,
        "quantityKey": "dw-14478"
      },
      {
        "quantity": 25,
        "quantityKey": "dw-14428"
      },
      {
        "quantity": 25,
        "quantityKey": "dw-14408"
      },
      {
        "quantity": 25,
        "quantityKey": "dw-14444"
      },
      {
        "quantity": 25,
        "quantityKey": "dw-14452"
      },
      {
        "quantity": 25,
        "quantityKey": "dw-14434"
      },
      {
        "quantity": 25,
        "quantityKey": "dw-14436"
      },
      {
        "quantity": 25,
        "quantityKey": "dw-14392"
      },
      {
        "quantity": 25,
        "quantityKey": "dw-14450"
      },
      {
        "quantity": 25,
        "quantityKey": "dw-14474"
      },
      {
        "quantity": 25,
        "quantityKey": "dw-14468"
      },
      {
        "quantity": 25,
        "quantityKey": "dw-14480"
      },
      {
        "quantity": 25,
        "quantityKey": "dw-14460"
      },
      {
        "quantity": 25,
        "quantityKey": "default"
      },
      {
        "quantity": 25,
        "quantityKey": "dw-14458"
      },
      {
        "quantity": 25,
        "quantityKey": "dw-14422"
      },
      {
        "quantity": 25,
        "quantityKey": "dw-14414"
      }
    ],
    "emission": 0,
    "allergies": [
      {
        "id": 7,
        "infoSource": null,
        "level": {
          "enumType": "se.mat.mycroft.enums.AllergyLevel",
          "name": "CONTAINS"
        },
        "substanceName": "Mjölk"
      }
    ],
    "warehouseProductMappingId": null,
    "productRelationship": {
      "canBeReplacedWithProductIds": [],
      "canBeSubstitutedWithProductIds": [],
      "sameContentProductIds": []
    },
    "soldCount": 4535,
    "variety": "",
    "isAgreeWithPersonalTerms": null,
    "hasDeclinedPersonalAgreement": null,
    "probability": null,
    "productCountries": [],
    "productVarieties": [],
    "productBanner": null,
    "isShowOnTopProduct": false,
    "primaryCategoryNamePath": "Mat.se Göteborg/Hälsa & Träning/Proteindryck"
  },
  {
    "id": 82623,
    "dateCreated": "Fri Sep 23 14:12:39 CEST 2016",
    "name": "ProPud White Chocolate Raspberry Milkshake",
    "showPrice": "20,50  kr",
    "friendlyUrl": "propud-proteinmilkshake-white-chocolate-raspberry-njie-330-ml",
    "formattedName": "Propud White Chocolate Raspberry Milkshake",
    "ean": "7350068291227",
    "countryOfOrigin": "AT",
    "translatedCountryName": "Österrike",
    "labelTags": [
      {
        "id": 15,
        "name": "Särnär fri från laktos",
        "tag": "fri_laktos"
      }
    ],
    "hasImage": true,
    "imageUrl": "https://d1hr6nb56yyl1.cloudfront.net/product-images/82623-150.jpg",
    "brand": {
      "id": 1518,
      "name": "NJIE"
    },
    "categories": [
      {
        "id": 9230,
        "name": "Proteintillskott"
      },
      {
        "id": 10262,
        "name": "Milkshake"
      },
      {
        "id": 11478,
        "name": "Proteindryck"
      }
    ],
    "displayBrand": "NJIE",
    "favouriteCount": 1004,
    "active": true,
    "inStockQuantity": 23,
    "orderable": true,
    "price": 20.5,
    "priceWithoutVat": 18.3035714286,
    "recommendedRetailPrice": null,
    "readableComparisonPrice": "62,12 kr/l",
    "discount": null,
    "discountedPrice": 0,
    "size": "330 ml",
    "weightProduct": false,
    "vat": 12,
    "content": "MJÖLK/MELK/MÆLK, MJÖLKPROTEIN/MELKEPROTEIN/MÆLKEPROTEIN, stabiliseringsmedel/stabilisator (gellangummi/gellan, cellulosagummi, karragenan), naturliga aromer, sötningsmedel/søtstoffer (steviolglykosider från stevia, acesulfam K), laktasenzym. UHT-behandlad.\nInnehåller naturligt förekommande socker/Med et naturlig innhold av sukker.",
    "nutrition": "Näringsvärde per 100 millilitrer\nEnergi 243/58 kilojoule/kilokalori\nFett 1.5 gram\nvarav mättat fett 0.9 gram\nKolhydrat 4.9 gram\nvarav sockerarter 4.9 gram\nProtein 6.1 gram\nSalt 0.10 gram",
    "durability": null,
    "recycling": null,
    "detail": "NJIE ProPud Protein Milkshake White Chocolate Raspberry - en krämig och len milkshake med smak av vit choklad och hallon. Utan tillsatt socker, laktosfri och med 20 g protein per flaska.\n\nSkakas för användning. Serveras kyld.\n\nUtan tillsatt socker\n\nInnehåller mjölk.",
    "storage": "Oöppnad förpackning kan förvaras i rumstemperatur. Öppnad förpackning förvaras i kyl och bör konsumeras inom 24 timmar.",
    "combinedNameWithBrand": "Propud White Chocolate Raspberry Milkshake Njie",
    "averageProductLife": 230.6,
    "minimumDaysBeforeExpire": 5,
    "averageUnitWeight": 0,
    "weight": 360,
    "isMixable": false,
    "idRequired": 0,
    "tagNames": [
      "Protein",
      "proteinshake",
      "hallonsmak",
      "Choklad",
      "hälsa",
      "milk",
      "shake",
      "chokladsmak",
      "träning",
      "proteinmilkshake",
      "vit",
      "Hallon",
      "milkshake"
    ],
    "featured": false,
    "campaignRank": 2147483647,
    "availableQuantities": [
      {
        "quantity": 23,
        "quantityKey": "dw-14444"
      },
      {
        "quantity": 23,
        "quantityKey": "default"
      },
      {
        "quantity": 23,
        "quantityKey": "dw-14406"
      },
      {
        "quantity": 23,
        "quantityKey": "dw-14434"
      },
      {
        "quantity": 23,
        "quantityKey": "dw-14478"
      },
      {
        "quantity": 23,
        "quantityKey": "dw-14452"
      },
      {
        "quantity": 23,
        "quantityKey": "dw-14458"
      },
      {
        "quantity": 23,
        "quantityKey": "dw-14414"
      },
      {
        "quantity": 23,
        "quantityKey": "dw-14416"
      },
      {
        "quantity": 23,
        "quantityKey": "dw-14400"
      },
      {
        "quantity": 23,
        "quantityKey": "dw-14390"
      },
      {
        "quantity": 23,
        "quantityKey": "dw-14426"
      },
      {
        "quantity": 23,
        "quantityKey": "dw-14450"
      },
      {
        "quantity": 23,
        "quantityKey": "dw-14480"
      },
      {
        "quantity": 23,
        "quantityKey": "dw-14408"
      },
      {
        "quantity": 23,
        "quantityKey": "dw-14466"
      },
      {
        "quantity": 23,
        "quantityKey": "dw-14392"
      },
      {
        "quantity": 23,
        "quantityKey": "dw-14436"
      },
      {
        "quantity": 23,
        "quantityKey": "dw-14398"
      },
      {
        "quantity": 23,
        "quantityKey": "dw-14422"
      },
      {
        "quantity": 23,
        "quantityKey": "dw-14442"
      },
      {
        "quantity": 23,
        "quantityKey": "dw-14468"
      },
      {
        "quantity": 23,
        "quantityKey": "dw-14474"
      },
      {
        "quantity": 23,
        "quantityKey": "dw-14428"
      },
      {
        "quantity": 23,
        "quantityKey": "dw-14460"
      }
    ],
    "emission": 0,
    "allergies": [
      {
        "id": 7,
        "infoSource": null,
        "level": {
          "enumType": "se.mat.mycroft.enums.AllergyLevel",
          "name": "CONTAINS"
        },
        "substanceName": "Mjölk"
      }
    ],
    "warehouseProductMappingId": null,
    "productRelationship": {
      "canBeReplacedWithProductIds": [],
      "canBeSubstitutedWithProductIds": [],
      "sameContentProductIds": []
    },
    "soldCount": 9033,
    "variety": "",
    "isAgreeWithPersonalTerms": null,
    "hasDeclinedPersonalAgreement": null,
    "probability": null,
    "productCountries": [],
    "productVarieties": [],
    "productBanner": null,
    "isShowOnTopProduct": false,
    "primaryCategoryNamePath": "Mat.se Göteborg/Apoteksvaror/Vitaminer, Hälso- & Kosttillskott/Proteintillskott"
  },
  {
    "id": 104129,
    "dateCreated": "Tue Dec 03 10:07:38 CET 2019",
    "name": "Whey-80 Double Rich Chocolate",
    "showPrice": "140  kr",
    "friendlyUrl": "whey-80-double-rich-chocolate-star-nutrition-500g",
    "formattedName": "Whey-80 Double Rich Chocolate",
    "ean": "7350049159683",
    "countryOfOrigin": null,
    "translatedCountryName": "",
    "labelTags": [],
    "hasImage": true,
    "imageUrl": "https://d1hr6nb56yyl1.cloudfront.net/product-images/104129-150.jpg",
    "brand": {
      "id": 7641,
      "name": "Star Nutrition"
    },
    "categories": [
      {
        "id": 11476,
        "name": "Proteinpulver"
      },
      {
        "id": 9230,
        "name": "Proteintillskott"
      }
    ],
    "displayBrand": "Star Nutrition",
    "favouriteCount": 50,
    "active": true,
    "inStockQuantity": 1,
    "orderable": true,
    "price": 140,
    "priceWithoutVat": 125,
    "recommendedRetailPrice": null,
    "readableComparisonPrice": "280 kr/kg",
    "discount": null,
    "discountedPrice": 0,
    "size": "500G",
    "weightProduct": false,
    "vat": 12,
    "content": "VASSLEPROTEINKONCENTRAT (MJÖLK) (innehåller emulgeringsmedel (mono- och diglycerider av fettsyror)), kakao, arom, sötningsmedel (aspartam*, acesulfam-K). * Innehåller en källa till fenylalanin",
    "nutrition": "Näringsvärde per 100 Gram\nenergi 1600 Kilojoule\nenergi 380 Kilokalori\nfett 6 Gram\nvarav mättat fett 4 Gram\nkolhydrat 5 Gram\nvarav sockerarter 4.5 Gram\nfiber 1.2 Gram\nprotein 76 Gram\nsalt 0.58 Gram",
    "durability": null,
    "recycling": null,
    "detail": null,
    "storage": null,
    "combinedNameWithBrand": "Whey-80 Double Rich Chocolate Star Nutrition",
    "averageProductLife": 0,
    "minimumDaysBeforeExpire": 31,
    "averageUnitWeight": 530,
    "weight": 530,
    "isMixable": false,
    "idRequired": 0,
    "tagNames": [],
    "featured": false,
    "campaignRank": 2147483647,
    "availableQuantities": [
      {
        "quantity": 1,
        "quantityKey": "dw-14450"
      },
      {
        "quantity": 1,
        "quantityKey": "dw-14478"
      },
      {
        "quantity": 1,
        "quantityKey": "dw-14398"
      },
      {
        "quantity": 1,
        "quantityKey": "dw-14452"
      },
      {
        "quantity": 1,
        "quantityKey": "dw-14474"
      },
      {
        "quantity": 1,
        "quantityKey": "dw-14434"
      },
      {
        "quantity": 1,
        "quantityKey": "dw-14436"
      },
      {
        "quantity": 1,
        "quantityKey": "dw-14414"
      },
      {
        "quantity": 1,
        "quantityKey": "dw-14428"
      },
      {
        "quantity": 1,
        "quantityKey": "dw-14460"
      },
      {
        "quantity": 1,
        "quantityKey": "dw-14400"
      },
      {
        "quantity": 1,
        "quantityKey": "dw-14426"
      },
      {
        "quantity": 1,
        "quantityKey": "dw-14466"
      },
      {
        "quantity": 1,
        "quantityKey": "dw-14406"
      },
      {
        "quantity": 1,
        "quantityKey": "default"
      },
      {
        "quantity": 1,
        "quantityKey": "dw-14408"
      },
      {
        "quantity": 1,
        "quantityKey": "dw-14458"
      },
      {
        "quantity": 1,
        "quantityKey": "dw-14390"
      },
      {
        "quantity": 1,
        "quantityKey": "dw-14480"
      },
      {
        "quantity": 1,
        "quantityKey": "dw-14422"
      },
      {
        "quantity": 1,
        "quantityKey": "dw-14468"
      },
      {
        "quantity": 1,
        "quantityKey": "dw-14444"
      },
      {
        "quantity": 1,
        "quantityKey": "dw-14392"
      },
      {
        "quantity": 1,
        "quantityKey": "dw-14416"
      },
      {
        "quantity": 1,
        "quantityKey": "dw-14442"
      }
    ],
    "emission": 0,
    "allergies": [
      {
        "id": 7,
        "infoSource": null,
        "level": {
          "enumType": "se.mat.mycroft.enums.AllergyLevel",
          "name": "CONTAINS"
        },
        "substanceName": "Mjölk"
      }
    ],
    "warehouseProductMappingId": null,
    "productRelationship": {
      "canBeReplacedWithProductIds": [],
      "canBeSubstitutedWithProductIds": [],
      "sameContentProductIds": []
    },
    "soldCount": 195,
    "variety": "",
    "isAgreeWithPersonalTerms": null,
    "hasDeclinedPersonalAgreement": null,
    "probability": null,
    "productCountries": [],
    "productVarieties": [],
    "productBanner": null,
    "isShowOnTopProduct": false,
    "primaryCategoryNamePath": "Mat.se Göteborg/Hälsa & Träning/Proteinpulver"
  },
  {
    "id": 88204,
    "dateCreated": "Wed Feb 15 20:05:39 CET 2017",
    "name": "Propud Cappuccino Laktosfri Milkshake",
    "showPrice": "20,50  kr",
    "friendlyUrl": "propud-proteinmilkshake-cappuccino-njie-330-ml",
    "formattedName": "Propud Cappuccino Laktosfri Milkshake",
    "ean": "7350068291234",
    "countryOfOrigin": "DE",
    "translatedCountryName": "Tyskland",
    "labelTags": [
      {
        "id": 15,
        "name": "Särnär fri från laktos",
        "tag": "fri_laktos"
      }
    ],
    "hasImage": true,
    "imageUrl": "https://d1hr6nb56yyl1.cloudfront.net/product-images/88204-150.jpg",
    "brand": {
      "id": 1518,
      "name": "NJIE"
    },
    "categories": [
      {
        "id": 10262,
        "name": "Milkshake"
      },
      {
        "id": 9230,
        "name": "Proteintillskott"
      },
      {
        "id": 11478,
        "name": "Proteindryck"
      }
    ],
    "displayBrand": "NJIE",
    "favouriteCount": 858,
    "active": true,
    "inStockQuantity": 28,
    "orderable": true,
    "price": 20.5,
    "priceWithoutVat": 18.3035714286,
    "recommendedRetailPrice": null,
    "readableComparisonPrice": "62,12 kr/l",
    "discount": null,
    "discountedPrice": 0,
    "size": "330ML",
    "weightProduct": false,
    "vat": 12,
    "content": "MJÖLK/MELK/MÆLK, MJÖLKPROTEIN/MELKEPROTEIN/MÆLKEPROTEIN, stabiliseringsmedel/stabilisator (gellangummi/gellan, cellulosagummi, karragenan), arom, sötningsmedel/søtstoffer (steviolglykosider från stevia, acesulfam K), färgämne/fargestoff (sockerkulör/karamel), laktasenzym. UHT-behandlad. Innehåller naturligt förekommande socker/Med et naturlig innhold av sukker.",
    "nutrition": "Näringsvärde per 100 Milliliter\nenergi 243 Kilojoule\nenergi 58 Kilokalori\nfett 1.5 Gram\nvarav mättat fett 0.9 Gram\nkolhydrat 4.9 Gram\nvarav sockerarter 4.9 Gram\nprotein 6.1 Gram\nsalt 0.1 Gram",
    "durability": null,
    "recycling": null,
    "detail": "NJIE ProPud Protein Milkshake Cappuccino - en krämig och len milkshake med cappuccinosmak. Utan tillsatt socker, laktosfri och med 20 g protein per flaska.\n\nOmskakas före användning. Serveras kyld.\n\nOöppnad förpackning kan förvaras i rumstemperatur. Öppnad förpackning förvaras i kyl och bör konsumeras inom 24 timmar.",
    "storage": "Oöppnad förpackning kan förvaras i rumstemperatur. Öppnad förpackning förvaras i kyl och bör konsumeras inom 24 timmar.",
    "combinedNameWithBrand": "Propud Cappuccino Laktosfri Milkshake Njie",
    "averageProductLife": 240.3,
    "minimumDaysBeforeExpire": 5,
    "averageUnitWeight": 370,
    "weight": 370,
    "isMixable": false,
    "idRequired": 0,
    "tagNames": [
      "milkshake",
      "Protein",
      "hälsa",
      "proteinshake",
      "proteinmilkshake",
      "milk",
      "träning",
      "shake"
    ],
    "featured": false,
    "campaignRank": 2147483647,
    "availableQuantities": [
      {
        "quantity": 28,
        "quantityKey": "dw-14406"
      },
      {
        "quantity": 28,
        "quantityKey": "dw-14478"
      },
      {
        "quantity": 28,
        "quantityKey": "dw-14414"
      },
      {
        "quantity": 28,
        "quantityKey": "default"
      },
      {
        "quantity": 28,
        "quantityKey": "dw-14434"
      },
      {
        "quantity": 28,
        "quantityKey": "dw-14474"
      },
      {
        "quantity": 28,
        "quantityKey": "dw-14480"
      },
      {
        "quantity": 28,
        "quantityKey": "dw-14460"
      },
      {
        "quantity": 28,
        "quantityKey": "dw-14444"
      },
      {
        "quantity": 28,
        "quantityKey": "dw-14436"
      },
      {
        "quantity": 28,
        "quantityKey": "dw-14442"
      },
      {
        "quantity": 28,
        "quantityKey": "dw-14428"
      },
      {
        "quantity": 28,
        "quantityKey": "dw-14400"
      },
      {
        "quantity": 28,
        "quantityKey": "dw-14392"
      },
      {
        "quantity": 28,
        "quantityKey": "dw-14422"
      },
      {
        "quantity": 28,
        "quantityKey": "dw-14426"
      },
      {
        "quantity": 28,
        "quantityKey": "dw-14466"
      },
      {
        "quantity": 28,
        "quantityKey": "dw-14416"
      },
      {
        "quantity": 28,
        "quantityKey": "dw-14452"
      },
      {
        "quantity": 28,
        "quantityKey": "dw-14450"
      },
      {
        "quantity": 28,
        "quantityKey": "dw-14390"
      },
      {
        "quantity": 28,
        "quantityKey": "dw-14468"
      },
      {
        "quantity": 28,
        "quantityKey": "dw-14398"
      },
      {
        "quantity": 28,
        "quantityKey": "dw-14408"
      },
      {
        "quantity": 28,
        "quantityKey": "dw-14458"
      }
    ],
    "emission": 0,
    "allergies": [
      {
        "id": 7,
        "infoSource": null,
        "level": {
          "enumType": "se.mat.mycroft.enums.AllergyLevel",
          "name": "CONTAINS"
        },
        "substanceName": "Mjölk"
      }
    ],
    "warehouseProductMappingId": null,
    "productRelationship": {
      "canBeReplacedWithProductIds": [],
      "canBeSubstitutedWithProductIds": [],
      "sameContentProductIds": []
    },
    "soldCount": 8661,
    "variety": "",
    "isAgreeWithPersonalTerms": null,
    "hasDeclinedPersonalAgreement": null,
    "probability": null,
    "productCountries": [],
    "productVarieties": [],
    "productBanner": null,
    "isShowOnTopProduct": false,
    "primaryCategoryNamePath": "Mat.se Göteborg/Mejeri, Juice & Ägg/Proteinmål/Milkshake"
  },
  {
    "id": 119320,
    "dateCreated": "Wed Sep 02 08:40:44 CEST 2020",
    "name": "Bar Chocolate Proteinbar Vegan",
    "showPrice": "25,50  kr",
    "friendlyUrl": "bar-chocolate-proteinbar-vegan-barebells-55g",
    "formattedName": "Bar Chocolate Proteinbar Vegan",
    "ean": "7340001803662",
    "countryOfOrigin": "EU",
    "translatedCountryName": "EU",
    "labelTags": [],
    "hasImage": true,
    "imageUrl": "https://d1hr6nb56yyl1.cloudfront.net/product-images/119320-150.jpg",
    "brand": {
      "id": 3423,
      "name": "Barebells"
    },
    "categories": [
      {
        "id": 11474,
        "name": "Bars"
      },
      {
        "id": 4336,
        "name": "Bars"
      }
    ],
    "displayBrand": "Barebells",
    "favouriteCount": 174,
    "active": true,
    "inStockQuantity": 12,
    "orderable": true,
    "price": 25.5,
    "priceWithoutVat": 22.7678571429,
    "recommendedRetailPrice": null,
    "readableComparisonPrice": "463,64 kr/kg",
    "discount": null,
    "discountedPrice": 0,
    "size": "55G",
    "weightProduct": false,
    "vat": 12,
    "content": "Protein (SOJA, ärta, ris), fuktighetsbevarande medel (vegetabilisk glycerol), sötningsmedel (maltitol), polydextros, kakaosmör, oligofruktos, SOJAKRISP (SOJAPROTEIN, kakaopulver, tapiokastärkelse), kakaomassa, solrosolja, kakaopulver, surhetsreglerande medel (natriumhydroxid, kaliumkarbonat), rismjöl, arom, emulgeringsmedel (SOJALECITIN) sötningsmedel (sukralos). Kan innehålla spår av GLUTEN, MJÖLK, ÄGG, JORDNÖTTER och NÖTTER.",
    "nutrition": "Näringsvärde per 100 Gram\nenergi 1535 Kilojoule\nenergi 368 Kilokalori\nfett 16 Gram\nvarav mättat fett 7.5 Gram\nkolhydrat 35 Gram\nvarav sockerarter 1.5 Gram\nfiber 13 Gram\nprotein 27 Gram\nsalt 0.79 Gram",
    "durability": null,
    "recycling": null,
    "detail": "Vegansk proteinbar med smak av choklad och kakaoöverdrag. Innehåller sötningsmedel.\nInnehåller naturligt förekommande socker. Utan palmolja.\n\nÖverdriven konsumtion kan ha laxerande effekt. Sorteras som plastförpackning.\n\nFörvaras i rumstemperatur.",
    "storage": "Förvaras i rumstemperatur.",
    "combinedNameWithBrand": "Bar Chocolate Proteinbar Vegan Barebells",
    "averageProductLife": 0,
    "minimumDaysBeforeExpire": 31,
    "averageUnitWeight": 56,
    "weight": 56,
    "isMixable": false,
    "idRequired": 0,
    "tagNames": [
      "bar",
      "tillsatt",
      "vegan",
      "proteinbar",
      "added",
      "Protein",
      "UTS",
      "No",
      "Socker",
      "barebells",
      "Sugar",
      "utan"
    ],
    "featured": false,
    "campaignRank": 244,
    "availableQuantities": [
      {
        "quantity": 12,
        "quantityKey": "default"
      },
      {
        "quantity": 12,
        "quantityKey": "dw-14458"
      },
      {
        "quantity": 12,
        "quantityKey": "dw-14450"
      },
      {
        "quantity": 12,
        "quantityKey": "dw-14408"
      },
      {
        "quantity": 12,
        "quantityKey": "dw-14466"
      },
      {
        "quantity": 12,
        "quantityKey": "dw-14436"
      },
      {
        "quantity": 12,
        "quantityKey": "dw-14422"
      },
      {
        "quantity": 12,
        "quantityKey": "dw-14474"
      },
      {
        "quantity": 12,
        "quantityKey": "dw-14398"
      },
      {
        "quantity": 12,
        "quantityKey": "dw-14480"
      },
      {
        "quantity": 12,
        "quantityKey": "dw-14390"
      },
      {
        "quantity": 12,
        "quantityKey": "dw-14428"
      },
      {
        "quantity": 12,
        "quantityKey": "dw-14478"
      },
      {
        "quantity": 12,
        "quantityKey": "dw-14426"
      },
      {
        "quantity": 12,
        "quantityKey": "dw-14400"
      },
      {
        "quantity": 12,
        "quantityKey": "dw-14444"
      },
      {
        "quantity": 12,
        "quantityKey": "dw-14416"
      },
      {
        "quantity": 12,
        "quantityKey": "dw-14392"
      },
      {
        "quantity": 12,
        "quantityKey": "dw-14468"
      },
      {
        "quantity": 12,
        "quantityKey": "dw-14452"
      },
      {
        "quantity": 12,
        "quantityKey": "dw-14460"
      },
      {
        "quantity": 12,
        "quantityKey": "dw-14434"
      },
      {
        "quantity": 12,
        "quantityKey": "dw-14414"
      },
      {
        "quantity": 12,
        "quantityKey": "dw-14406"
      },
      {
        "quantity": 12,
        "quantityKey": "dw-14442"
      }
    ],
    "emission": 0,
    "allergies": [
      {
        "id": 7,
        "infoSource": null,
        "level": {
          "enumType": "se.mat.mycroft.enums.AllergyLevel",
          "name": "TRACES"
        },
        "substanceName": "Mjölk"
      },
      {
        "id": 3,
        "infoSource": null,
        "level": {
          "enumType": "se.mat.mycroft.enums.AllergyLevel",
          "name": "TRACES"
        },
        "substanceName": "Ägg"
      },
      {
        "id": 6,
        "infoSource": null,
        "level": {
          "enumType": "se.mat.mycroft.enums.AllergyLevel",
          "name": "CONTAINS"
        },
        "substanceName": "Sojabönor"
      },
      {
        "id": 1,
        "infoSource": null,
        "level": {
          "enumType": "se.mat.mycroft.enums.AllergyLevel",
          "name": "TRACES"
        },
        "substanceName": "Gluten"
      },
      {
        "id": 10,
        "infoSource": null,
        "level": {
          "enumType": "se.mat.mycroft.enums.AllergyLevel",
          "name": "TRACES"
        },
        "substanceName": "Nötter"
      },
      {
        "id": 5,
        "infoSource": null,
        "level": {
          "enumType": "se.mat.mycroft.enums.AllergyLevel",
          "name": "TRACES"
        },
        "substanceName": "Jordnötter"
      }
    ],
    "warehouseProductMappingId": null,
    "productRelationship": {
      "canBeReplacedWithProductIds": [],
      "canBeSubstitutedWithProductIds": [],
      "sameContentProductIds": []
    },
    "soldCount": 1020,
    "variety": "",
    "isAgreeWithPersonalTerms": null,
    "hasDeclinedPersonalAgreement": null,
    "probability": null,
    "productCountries": [],
    "productVarieties": [],
    "productBanner": null,
    "isShowOnTopProduct": false,
    "primaryCategoryNamePath": "Mat.se Göteborg/Hälsa & Träning/Bars"
  },
  {
    "id": 100444,
    "dateCreated": "Wed Sep 19 15:04:55 CEST 2018",
    "name": "Protein Bar Hazelnut Nougat",
    "showPrice": "25,50  kr",
    "friendlyUrl": "protein-bar-hazelnut-nougat-barebells-55g",
    "formattedName": "Protein Bar Hazelnut Nougat",
    "ean": "7340001801668",
    "countryOfOrigin": "EU",
    "translatedCountryName": "EU",
    "labelTags": [],
    "hasImage": true,
    "imageUrl": "https://d1hr6nb56yyl1.cloudfront.net/product-images/100444-150.jpg",
    "brand": {
      "id": 3423,
      "name": "Barebells"
    },
    "categories": [
      {
        "id": 4336,
        "name": "Bars"
      },
      {
        "id": 9230,
        "name": "Proteintillskott"
      },
      {
        "id": 11474,
        "name": "Bars"
      }
    ],
    "displayBrand": "Barebells",
    "favouriteCount": 465,
    "active": true,
    "inStockQuantity": 24,
    "orderable": true,
    "price": 25.5,
    "priceWithoutVat": 22.7678571429,
    "recommendedRetailPrice": null,
    "readableComparisonPrice": "463,64 kr/kg",
    "discount": null,
    "discountedPrice": 0,
    "size": "55G",
    "weightProduct": false,
    "vat": 12,
    "content": "MJÖLKPROTEIN, fuktighetsbevarande medel (glycerol), sötningsmedel (maltitol), kollagenpeptider, isomalto-oligosackarider, HASSELNÖTTER (7,5 %), vatten, kakaosmör, MJÖLKPULVER, kakaomassa, palmfett, kakaopulver, arom, emulgeringsmedel (SOJALECITIN), sötningsmedel (sukralos, acesulfam-K). Kan innehålla spår av ÄGG, GLUTEN, JORDNÖTTER och andra NÖTTER.",
    "nutrition": "Näringsvärde per 100 Gram\nenergi 1557 Kilojoule\nenergi 373 Kilokalori\nfett 17 Gram\nvarav mättat fett 7.4 Gram\nkolhydrat 26 Gram\nvarav sockerarter 3.5 Gram\nfiber 7.7 Gram\nprotein 36 Gram\nsalt 0.19 Gram",
    "durability": null,
    "recycling": null,
    "detail": "Proteinbar med hasselnötter, nougatkräm och mjölkchokladöverdrag. Innehåller sötningsmedel och naturligt förekommande socker.\n\nÖverdriven konsumtion kan ha laxerande effekt. Sorteras som plastförpackning.\n\nFörvaras i rumstemperatur.",
    "storage": "Förvaras i rumstemperatur.",
    "combinedNameWithBrand": "Protein Bar Hazelnut Nougat Barebells",
    "averageProductLife": 0,
    "minimumDaysBeforeExpire": 31,
    "averageUnitWeight": 56,
    "weight": 56,
    "isMixable": false,
    "idRequired": 0,
    "tagNames": [
      "Socker",
      "Hasselnötter",
      "Nougat",
      "UTS",
      "proteinbar",
      "tillsatt",
      "utan",
      "hazelnut"
    ],
    "featured": false,
    "campaignRank": 238,
    "availableQuantities": [
      {
        "quantity": 24,
        "quantityKey": "dw-14478"
      },
      {
        "quantity": 24,
        "quantityKey": "dw-14416"
      },
      {
        "quantity": 24,
        "quantityKey": "dw-14390"
      },
      {
        "quantity": 24,
        "quantityKey": "dw-14408"
      },
      {
        "quantity": 24,
        "quantityKey": "dw-14460"
      },
      {
        "quantity": 24,
        "quantityKey": "dw-14480"
      },
      {
        "quantity": 24,
        "quantityKey": "dw-14436"
      },
      {
        "quantity": 24,
        "quantityKey": "dw-14444"
      },
      {
        "quantity": 24,
        "quantityKey": "dw-14452"
      },
      {
        "quantity": 24,
        "quantityKey": "dw-14428"
      },
      {
        "quantity": 24,
        "quantityKey": "dw-14458"
      },
      {
        "quantity": 24,
        "quantityKey": "dw-14466"
      },
      {
        "quantity": 24,
        "quantityKey": "dw-14400"
      },
      {
        "quantity": 24,
        "quantityKey": "dw-14398"
      },
      {
        "quantity": 24,
        "quantityKey": "dw-14426"
      },
      {
        "quantity": 24,
        "quantityKey": "dw-14442"
      },
      {
        "quantity": 24,
        "quantityKey": "dw-14422"
      },
      {
        "quantity": 24,
        "quantityKey": "dw-14434"
      },
      {
        "quantity": 24,
        "quantityKey": "dw-14414"
      },
      {
        "quantity": 24,
        "quantityKey": "dw-14406"
      },
      {
        "quantity": 24,
        "quantityKey": "dw-14474"
      },
      {
        "quantity": 24,
        "quantityKey": "dw-14392"
      },
      {
        "quantity": 24,
        "quantityKey": "dw-14450"
      },
      {
        "quantity": 24,
        "quantityKey": "dw-14468"
      },
      {
        "quantity": 24,
        "quantityKey": "default"
      }
    ],
    "emission": 0,
    "allergies": [
      {
        "id": 3,
        "infoSource": null,
        "level": {
          "enumType": "se.mat.mycroft.enums.AllergyLevel",
          "name": "TRACES"
        },
        "substanceName": "Ägg"
      },
      {
        "id": 6,
        "infoSource": null,
        "level": {
          "enumType": "se.mat.mycroft.enums.AllergyLevel",
          "name": "CONTAINS"
        },
        "substanceName": "Sojabönor"
      },
      {
        "id": 7,
        "infoSource": null,
        "level": {
          "enumType": "se.mat.mycroft.enums.AllergyLevel",
          "name": "CONTAINS"
        },
        "substanceName": "Mjölk"
      },
      {
        "id": 10,
        "infoSource": null,
        "level": {
          "enumType": "se.mat.mycroft.enums.AllergyLevel",
          "name": "CONTAINS"
        },
        "substanceName": "Nötter"
      },
      {
        "id": 5,
        "infoSource": null,
        "level": {
          "enumType": "se.mat.mycroft.enums.AllergyLevel",
          "name": "TRACES"
        },
        "substanceName": "Jordnötter"
      },
      {
        "id": 1,
        "infoSource": null,
        "level": {
          "enumType": "se.mat.mycroft.enums.AllergyLevel",
          "name": "TRACES"
        },
        "substanceName": "Gluten"
      }
    ],
    "warehouseProductMappingId": null,
    "productRelationship": {
      "canBeReplacedWithProductIds": [],
      "canBeSubstitutedWithProductIds": [],
      "sameContentProductIds": []
    },
    "soldCount": 3420,
    "variety": "",
    "isAgreeWithPersonalTerms": null,
    "hasDeclinedPersonalAgreement": null,
    "probability": null,
    "productCountries": [],
    "productVarieties": [],
    "productBanner": null,
    "isShowOnTopProduct": false,
    "primaryCategoryNamePath": "Mat.se Göteborg/Apoteksvaror/Vitaminer, Hälso- & Kosttillskott/Bars"
  },
  {
    "id": 116902,
    "dateCreated": "Tue May 19 11:27:11 CEST 2020",
    "name": "ProPud Chocolate Chip Cookie",
    "showPrice": "<span class='color-red'> 15,38  kr </span>\n                       <br class=\"mobileNone\"/>\n                        <span class='priceWithoutDiscount'>20,50  kr</span>",
    "friendlyUrl": "propud-chocolate-chip-cookie-njie-200g",
    "formattedName": "Propud Chocolate Chip Cookie",
    "ean": "7350068295089",
    "countryOfOrigin": "DE",
    "translatedCountryName": "Tyskland",
    "labelTags": [
      {
        "id": 15,
        "name": "Särnär fri från laktos",
        "tag": "fri_laktos"
      }
    ],
    "hasImage": true,
    "imageUrl": "https://d1hr6nb56yyl1.cloudfront.net/product-images/116902-150.jpg",
    "brand": {
      "id": 1518,
      "name": "NJIE"
    },
    "categories": [
      {
        "id": 10264,
        "name": "Pudding"
      },
      {
        "id": 11482,
        "name": "Proteinpudding"
      },
      {
        "id": 9230,
        "name": "Proteintillskott"
      }
    ],
    "displayBrand": "NJIE",
    "favouriteCount": 433,
    "active": true,
    "inStockQuantity": 40,
    "orderable": true,
    "price": 20.5,
    "priceWithoutVat": 18.3035714286,
    "recommendedRetailPrice": null,
    "readableComparisonPrice": "76,88 kr/kg",
    "discount": {
      "id": 55886,
      "discountInPercent": 25,
      "discountInAmount": 0,
      "discountInNumberOfProducts": 0,
      "multibuyPrice": 0,
      "fixedPrice": 0,
      "afterNumberOfProducts": 0,
      "discountType": "PERCENT",
      "discountCategory": "OFFER",
      "maxPerOrder": 0,
      "startDateInMillis": 1653429600000000,
      "stopDateInMillis": 1654120799000000
    },
    "discountedPrice": 15.375,
    "size": "200G",
    "weightProduct": false,
    "vat": 12,
    "content": "Högpastöriserad MJÖLK/MELK/MÆLK, MJÖLKPROTEIN/MELKEPROTEIN/MÆLKEPROTEIN, fettreducerad kakao (1,9%), stabiliseringsmedel/stabilisator (cellulosagummi, karragenan), aromer, naturliga aromer, antioxidationsmedel (natriumfosfater), sötningsmedel/søtstoffer (acesulfam K, steviolglykosider), laktasenzym. Innehåller naturligt förekommande socker/Med et naturlig innhold av sukker.",
    "nutrition": "Näringsvärde per 100 Gram\nenergi 315 Kilojoule\nenergi 75 Kilokalori\nfett 1.5 Gram\nvarav mättat fett 1 Gram\nkolhydrat 4.8 Gram\nvarav sockerarter 4.5 Gram\nprotein 10 Gram\nsalt 0.3 Gram",
    "durability": null,
    "recycling": null,
    "detail": "NJIE ProPud Protein Pudding Chocolate Chip Cookie - en krämig och god pudding med smak av kakor och choklad. Utan tillsatt socker, laktosfri och med 20 g protein per burk.\n\nKan förvaras i rumstemperatur. Öppnad förpackning förvaras i kyl. Används inom 2 dagar.",
    "storage": "Kan förvaras i rumstemperatur. Öppnad förpackning förvaras i kyl. Används inom 2 dagar.",
    "combinedNameWithBrand": "Propud Chocolate Chip Cookie Njie",
    "averageProductLife": 48,
    "minimumDaysBeforeExpire": 5,
    "averageUnitWeight": 210,
    "weight": 210,
    "isMixable": false,
    "idRequired": 0,
    "tagNames": [],
    "featured": false,
    "campaignRank": 86,
    "availableQuantities": [
      {
        "quantity": 40,
        "quantityKey": "dw-14408"
      },
      {
        "quantity": 40,
        "quantityKey": "dw-14400"
      },
      {
        "quantity": 40,
        "quantityKey": "dw-14426"
      },
      {
        "quantity": 40,
        "quantityKey": "dw-14450"
      },
      {
        "quantity": 40,
        "quantityKey": "dw-14436"
      },
      {
        "quantity": 40,
        "quantityKey": "dw-14414"
      },
      {
        "quantity": 40,
        "quantityKey": "dw-14452"
      },
      {
        "quantity": 40,
        "quantityKey": "dw-14468"
      },
      {
        "quantity": 40,
        "quantityKey": "dw-14460"
      },
      {
        "quantity": 40,
        "quantityKey": "dw-14398"
      },
      {
        "quantity": 40,
        "quantityKey": "dw-14444"
      },
      {
        "quantity": 40,
        "quantityKey": "dw-14392"
      },
      {
        "quantity": 40,
        "quantityKey": "dw-14434"
      },
      {
        "quantity": 40,
        "quantityKey": "dw-14458"
      },
      {
        "quantity": 40,
        "quantityKey": "dw-14466"
      },
      {
        "quantity": 40,
        "quantityKey": "dw-14406"
      },
      {
        "quantity": 40,
        "quantityKey": "dw-14390"
      },
      {
        "quantity": 40,
        "quantityKey": "dw-14422"
      },
      {
        "quantity": 40,
        "quantityKey": "dw-14428"
      },
      {
        "quantity": 40,
        "quantityKey": "dw-14478"
      },
      {
        "quantity": 40,
        "quantityKey": "dw-14474"
      },
      {
        "quantity": 40,
        "quantityKey": "dw-14416"
      },
      {
        "quantity": 40,
        "quantityKey": "dw-14442"
      },
      {
        "quantity": 40,
        "quantityKey": "dw-14480"
      },
      {
        "quantity": 40,
        "quantityKey": "default"
      }
    ],
    "emission": 0,
    "allergies": [
      {
        "id": 7,
        "infoSource": null,
        "level": {
          "enumType": "se.mat.mycroft.enums.AllergyLevel",
          "name": "CONTAINS"
        },
        "substanceName": "Mjölk"
      }
    ],
    "warehouseProductMappingId": null,
    "productRelationship": {
      "canBeReplacedWithProductIds": [],
      "canBeSubstitutedWithProductIds": [],
      "sameContentProductIds": []
    },
    "soldCount": 2263,
    "variety": "",
    "isAgreeWithPersonalTerms": null,
    "hasDeclinedPersonalAgreement": null,
    "probability": null,
    "productCountries": [],
    "productVarieties": [],
    "productBanner": null,
    "isShowOnTopProduct": false,
    "primaryCategoryNamePath": "Mat.se Göteborg/Mejeri, Juice & Ägg/Proteinmål/Pudding"
  },
  {
    "id": 79477,
    "dateCreated": "Fri May 27 13:11:36 CEST 2016",
    "name": "Proteinpudding Vanilj Laktosfri",
    "showPrice": "20,50  kr",
    "friendlyUrl": "propud-vanilj-njie-200g",
    "formattedName": "Proteinpudding Vanilj Laktosfri",
    "ean": "73143628",
    "countryOfOrigin": "DE",
    "translatedCountryName": "Tyskland",
    "labelTags": [
      {
        "id": 15,
        "name": "Särnär fri från laktos",
        "tag": "fri_laktos"
      }
    ],
    "hasImage": true,
    "imageUrl": "https://d1hr6nb56yyl1.cloudfront.net/product-images/79477-150.jpg",
    "brand": {
      "id": 1518,
      "name": "NJIE"
    },
    "categories": [
      {
        "id": 10264,
        "name": "Pudding"
      },
      {
        "id": 9230,
        "name": "Proteintillskott"
      },
      {
        "id": 11482,
        "name": "Proteinpudding"
      }
    ],
    "displayBrand": "NJIE",
    "favouriteCount": 993,
    "active": true,
    "inStockQuantity": 25,
    "orderable": true,
    "price": 20.5,
    "priceWithoutVat": 18.3035714286,
    "recommendedRetailPrice": null,
    "readableComparisonPrice": "102,50 kr/kg",
    "discount": null,
    "discountedPrice": 0,
    "size": "200G",
    "weightProduct": false,
    "vat": 12,
    "content": "Högpastöriserad MJÖLK/MELK/MÆLK, MJÖLKPROTEIN/MELKEPROTEIN/ MÆLKEPROTEIN, koncentrat av safflor, stabiliseringsmedel/stabilisator (cellulosagummi, karragenan), antioxidationsmedel (polyfosfater), sötningsmedel/søtstoffer (acesulfam K, steviolglykosider), arom, laktasenzym. Innehåller naturligt förekommande socker/Med et naturlig innhold av sukker.",
    "nutrition": "Näringsvärde per 100 Gram\nenergi 315 Kilojoule\nenergi 75 Kilokalori\nfett 1.5 Gram\nvarav mättat fett 1 Gram\nkolhydrat 4.8 Gram\nvarav sockerarter 4.5 Gram\nprotein 10 Gram\nsalt 0.3 Gram",
    "durability": null,
    "recycling": null,
    "detail": "NJIE ProPud Protein Pudding Vanilla - en krämig och god pudding med smak av vanilj Utan tillsatt socker, laktosfri och med 20 g protein per burk.\n\nKan förvaras i rumstemperatur. Öppnad förpackning förvaras i kyl. Används inom 2 dagar.",
    "storage": "Kan förvaras i rumstemperatur. Öppnad förpackning förvaras i kyl. Används inom 2 dagar.",
    "combinedNameWithBrand": "Proteinpudding Vanilj Laktosfri Njie",
    "averageProductLife": 97.2,
    "minimumDaysBeforeExpire": 5,
    "averageUnitWeight": 213,
    "weight": 213,
    "isMixable": false,
    "idRequired": 0,
    "tagNames": [
      "pro",
      "proteinpudding",
      "pudding",
      "mellanmål",
      "pud",
      "Protein",
      "träning",
      "Vanilj",
      "vaniljsmak"
    ],
    "featured": false,
    "campaignRank": 88,
    "availableQuantities": [
      {
        "quantity": 25,
        "quantityKey": "dw-14480"
      },
      {
        "quantity": 25,
        "quantityKey": "dw-14398"
      },
      {
        "quantity": 25,
        "quantityKey": "dw-14444"
      },
      {
        "quantity": 25,
        "quantityKey": "dw-14452"
      },
      {
        "quantity": 25,
        "quantityKey": "dw-14458"
      },
      {
        "quantity": 25,
        "quantityKey": "dw-14428"
      },
      {
        "quantity": 25,
        "quantityKey": "dw-14400"
      },
      {
        "quantity": 25,
        "quantityKey": "default"
      },
      {
        "quantity": 25,
        "quantityKey": "dw-14466"
      },
      {
        "quantity": 25,
        "quantityKey": "dw-14392"
      },
      {
        "quantity": 25,
        "quantityKey": "dw-14416"
      },
      {
        "quantity": 25,
        "quantityKey": "dw-14434"
      },
      {
        "quantity": 25,
        "quantityKey": "dw-14426"
      },
      {
        "quantity": 25,
        "quantityKey": "dw-14436"
      },
      {
        "quantity": 25,
        "quantityKey": "dw-14478"
      },
      {
        "quantity": 25,
        "quantityKey": "dw-14408"
      },
      {
        "quantity": 25,
        "quantityKey": "dw-14414"
      },
      {
        "quantity": 25,
        "quantityKey": "dw-14468"
      },
      {
        "quantity": 25,
        "quantityKey": "dw-14390"
      },
      {
        "quantity": 25,
        "quantityKey": "dw-14450"
      },
      {
        "quantity": 25,
        "quantityKey": "dw-14442"
      },
      {
        "quantity": 25,
        "quantityKey": "dw-14460"
      },
      {
        "quantity": 25,
        "quantityKey": "dw-14406"
      },
      {
        "quantity": 25,
        "quantityKey": "dw-14474"
      },
      {
        "quantity": 25,
        "quantityKey": "dw-14422"
      }
    ],
    "emission": 0,
    "allergies": [
      {
        "id": 7,
        "infoSource": null,
        "level": {
          "enumType": "se.mat.mycroft.enums.AllergyLevel",
          "name": "CONTAINS"
        },
        "substanceName": "Mjölk"
      }
    ],
    "warehouseProductMappingId": null,
    "productRelationship": {
      "canBeReplacedWithProductIds": [],
      "canBeSubstitutedWithProductIds": [],
      "sameContentProductIds": [
        82620
      ]
    },
    "soldCount": 7836,
    "variety": "",
    "isAgreeWithPersonalTerms": null,
    "hasDeclinedPersonalAgreement": null,
    "probability": null,
    "productCountries": [],
    "productVarieties": [],
    "productBanner": null,
    "isShowOnTopProduct": false,
    "primaryCategoryNamePath": "Mat.se Göteborg/Mejeri, Juice & Ägg/Proteinmål/Pudding"
  },
  {
    "id": 93859,
    "dateCreated": "Fri Oct 20 13:36:38 CEST 2017",
    "name": "Milkshake Strawberry",
    "showPrice": "24,50  kr",
    "friendlyUrl": "protein-milkshake-strawberry-barebells-330-ml",
    "formattedName": "Milkshake Strawberry",
    "ean": "7340001800685",
    "countryOfOrigin": "AT",
    "translatedCountryName": "Österrike",
    "labelTags": [
      {
        "id": 15,
        "name": "Särnär fri från laktos",
        "tag": "fri_laktos"
      }
    ],
    "hasImage": true,
    "imageUrl": "https://d1hr6nb56yyl1.cloudfront.net/product-images/93859-150.jpg",
    "brand": {
      "id": 3423,
      "name": "Barebells"
    },
    "categories": [
      {
        "id": 9230,
        "name": "Proteintillskott"
      },
      {
        "id": 9326,
        "name": "Hälsodrycker"
      },
      {
        "id": 11478,
        "name": "Proteindryck"
      }
    ],
    "displayBrand": "Barebells",
    "favouriteCount": 391,
    "active": true,
    "inStockQuantity": 27,
    "orderable": true,
    "price": 24.5,
    "priceWithoutVat": 21.875,
    "recommendedRetailPrice": null,
    "readableComparisonPrice": "74,24 kr/l",
    "discount": null,
    "discountedPrice": 0,
    "size": "330ML",
    "weightProduct": false,
    "vat": 12,
    "content": "MJÖLK/MÆLK, vatten/vand, MJÖLK/MÆLKEPROTEIN, kakaosmör, arom (jordgubb/jordbær), stabiliseringsmedel/stabilisator (cellulosa, karboxi- metylcellulosa, karragenan), sötningsmedel/sødestof (acesulfam-K, sukr- alos), färgämne/fargestoff (karoten), laktas. UHT-behandlad. Innehåller naturligt förekommande sockerarter/med et naturligt indhold af sukker.",
    "nutrition": "Näringsvärde per 100 Milliliter\nenergi 235 Kilojoule\nenergi 56 Kilokalori\nfett 1.4 Gram\nvarav mättat fett 0.9 Gram\nkolhydrat 3.5 Gram\nvarav sockerarter 3.5 Gram\nprotein 7.3 Gram\nsalt 0.22 Gram",
    "durability": null,
    "recycling": null,
    "detail": "Proteinrik milkshake med smak av jordgubb. Innehåller sötningsmedel.\n\nSkakas före servering. Serveras kallt.\n\nKan förvaras i rumstemperatur. Öppnad förpackning förvaras i kylskåp och bör förtäras inom 24 timmar.",
    "storage": "Kan förvaras i rumstemperatur. Öppnad förpackning förvaras i kylskåp och bör förtäras inom 24 timmar.",
    "combinedNameWithBrand": "Milkshake Strawberry Barebells",
    "averageProductLife": 0,
    "minimumDaysBeforeExpire": 5,
    "averageUnitWeight": 375,
    "weight": 375,
    "isMixable": false,
    "idRequired": 0,
    "tagNames": [],
    "featured": false,
    "campaignRank": 227,
    "availableQuantities": [
      {
        "quantity": 27,
        "quantityKey": "dw-14390"
      },
      {
        "quantity": 27,
        "quantityKey": "dw-14408"
      },
      {
        "quantity": 27,
        "quantityKey": "dw-14452"
      },
      {
        "quantity": 27,
        "quantityKey": "dw-14422"
      },
      {
        "quantity": 27,
        "quantityKey": "dw-14478"
      },
      {
        "quantity": 27,
        "quantityKey": "dw-14414"
      },
      {
        "quantity": 27,
        "quantityKey": "dw-14434"
      },
      {
        "quantity": 27,
        "quantityKey": "dw-14392"
      },
      {
        "quantity": 27,
        "quantityKey": "dw-14466"
      },
      {
        "quantity": 27,
        "quantityKey": "dw-14416"
      },
      {
        "quantity": 27,
        "quantityKey": "dw-14436"
      },
      {
        "quantity": 27,
        "quantityKey": "dw-14460"
      },
      {
        "quantity": 27,
        "quantityKey": "dw-14400"
      },
      {
        "quantity": 27,
        "quantityKey": "default"
      },
      {
        "quantity": 27,
        "quantityKey": "dw-14444"
      },
      {
        "quantity": 27,
        "quantityKey": "dw-14398"
      },
      {
        "quantity": 27,
        "quantityKey": "dw-14480"
      },
      {
        "quantity": 27,
        "quantityKey": "dw-14450"
      },
      {
        "quantity": 27,
        "quantityKey": "dw-14406"
      },
      {
        "quantity": 27,
        "quantityKey": "dw-14458"
      },
      {
        "quantity": 27,
        "quantityKey": "dw-14474"
      },
      {
        "quantity": 27,
        "quantityKey": "dw-14428"
      },
      {
        "quantity": 27,
        "quantityKey": "dw-14468"
      },
      {
        "quantity": 27,
        "quantityKey": "dw-14442"
      },
      {
        "quantity": 27,
        "quantityKey": "dw-14426"
      }
    ],
    "emission": 0,
    "allergies": [
      {
        "id": 7,
        "infoSource": null,
        "level": {
          "enumType": "se.mat.mycroft.enums.AllergyLevel",
          "name": "CONTAINS"
        },
        "substanceName": "Mjölk"
      }
    ],
    "warehouseProductMappingId": null,
    "productRelationship": {
      "canBeReplacedWithProductIds": [],
      "canBeSubstitutedWithProductIds": [],
      "sameContentProductIds": []
    },
    "soldCount": 2847,
    "variety": "",
    "isAgreeWithPersonalTerms": null,
    "hasDeclinedPersonalAgreement": null,
    "probability": null,
    "productCountries": [],
    "productVarieties": [],
    "productBanner": null,
    "isShowOnTopProduct": false,
    "primaryCategoryNamePath": "Mat.se Göteborg/Apoteksvaror/Vitaminer, Hälso- & Kosttillskott/Proteintillskott"
  },
  {
    "id": 90633,
    "dateCreated": "Thu May 04 12:31:10 CEST 2017",
    "name": "Protein Bar Cookies And Cream",
    "showPrice": "25,50  kr",
    "friendlyUrl": "protein-bar-cookies-cream-barbells-55g",
    "formattedName": "Protein Bar Cookies And Cream",
    "ean": "7340001800203",
    "countryOfOrigin": "HR",
    "translatedCountryName": "Kroatien",
    "labelTags": [],
    "hasImage": true,
    "imageUrl": "https://d1hr6nb56yyl1.cloudfront.net/product-images/90633-150.jpg",
    "brand": {
      "id": 3423,
      "name": "Barebells"
    },
    "categories": [
      {
        "id": 4336,
        "name": "Bars"
      },
      {
        "id": 11474,
        "name": "Bars"
      },
      {
        "id": 9230,
        "name": "Proteintillskott"
      }
    ],
    "displayBrand": "Barebells",
    "favouriteCount": 709,
    "active": true,
    "inStockQuantity": 16,
    "orderable": true,
    "price": 25.5,
    "priceWithoutVat": 22.7678571429,
    "recommendedRetailPrice": null,
    "readableComparisonPrice": "463,64 kr/kg",
    "discount": null,
    "discountedPrice": 0,
    "size": "55G",
    "weightProduct": false,
    "vat": 12,
    "content": "MJÖLKPROTEIN, MJÖLKCHOKLAD (24%) (sötningsmedel: maltitol, kakaosmör, HELMJÖLKPULVER, kakaomassa, emulgeringsmedel (SOJALECITIN), aromer), fuktighetsbevarande medel: glycerol, isomalto-oligosackarider, kollagenpeptider, vatten, SOJAKRISP (SOJAPROTEINISOLAT, kakao, tapiokastärkelse), palmfett, aromer, sötningsmedel: sukralos, acesulfam-K.",
    "nutrition": "Näringsvärde per 100 Gram\nenergi 1489 Kilojoule\nenergi 356 Kilokalori\nfett 12 Gram\nvarav mättat fett 7.5 Gram\nkolhydrat 29 Gram\nvarav sockerarter 3.1 Gram\nfiber 6.1 Gram\nprotein 38 Gram\nsalt 0.32 Gram",
    "durability": null,
    "recycling": null,
    "detail": "Proteinbar med mjölkchokladöverdrag. Smak av Cookies & Cream. Innehåller sötningsmedel.\n\nÖverdriven konsumtion kan ha laxerande effekt. \nÅtervinns som plastförpackning.\n\nFörpackningen kan förvaras i rumstemperatur.",
    "storage": "Förpackningen kan förvaras i rumstemperatur.",
    "combinedNameWithBrand": "Protein Bar Cookies And Cream Barebells",
    "averageProductLife": 0,
    "minimumDaysBeforeExpire": 31,
    "averageUnitWeight": 56,
    "weight": 56,
    "isMixable": false,
    "idRequired": 0,
    "tagNames": [
      "proteinbar",
      "Protein",
      "hälsa",
      "träna",
      "träning"
    ],
    "featured": false,
    "campaignRank": 236,
    "availableQuantities": [
      {
        "quantity": 16,
        "quantityKey": "dw-14442"
      },
      {
        "quantity": 12,
        "quantityKey": "dw-14392"
      },
      {
        "quantity": 16,
        "quantityKey": "dw-14400"
      },
      {
        "quantity": 16,
        "quantityKey": "dw-14466"
      },
      {
        "quantity": 16,
        "quantityKey": "dw-14428"
      },
      {
        "quantity": 16,
        "quantityKey": "dw-14458"
      },
      {
        "quantity": 16,
        "quantityKey": "dw-14468"
      },
      {
        "quantity": 16,
        "quantityKey": "dw-14416"
      },
      {
        "quantity": 16,
        "quantityKey": "dw-14436"
      },
      {
        "quantity": 16,
        "quantityKey": "dw-14426"
      },
      {
        "quantity": 16,
        "quantityKey": "dw-14460"
      },
      {
        "quantity": 16,
        "quantityKey": "dw-14422"
      },
      {
        "quantity": 16,
        "quantityKey": "dw-14452"
      },
      {
        "quantity": 16,
        "quantityKey": "dw-14408"
      },
      {
        "quantity": 16,
        "quantityKey": "dw-14444"
      },
      {
        "quantity": 16,
        "quantityKey": "dw-14478"
      },
      {
        "quantity": 16,
        "quantityKey": "dw-14414"
      },
      {
        "quantity": 16,
        "quantityKey": "dw-14450"
      },
      {
        "quantity": 16,
        "quantityKey": "dw-14474"
      },
      {
        "quantity": 16,
        "quantityKey": "dw-14480"
      },
      {
        "quantity": 12,
        "quantityKey": "dw-14398"
      },
      {
        "quantity": 12,
        "quantityKey": "dw-14390"
      },
      {
        "quantity": 16,
        "quantityKey": "dw-14406"
      },
      {
        "quantity": 16,
        "quantityKey": "default"
      },
      {
        "quantity": 16,
        "quantityKey": "dw-14434"
      }
    ],
    "emission": 0,
    "allergies": [
      {
        "id": 1,
        "infoSource": null,
        "level": {
          "enumType": "se.mat.mycroft.enums.AllergyLevel",
          "name": "TRACES"
        },
        "substanceName": "Gluten"
      },
      {
        "id": 5,
        "infoSource": null,
        "level": {
          "enumType": "se.mat.mycroft.enums.AllergyLevel",
          "name": "TRACES"
        },
        "substanceName": "Jordnötter"
      },
      {
        "id": 10,
        "infoSource": null,
        "level": {
          "enumType": "se.mat.mycroft.enums.AllergyLevel",
          "name": "TRACES"
        },
        "substanceName": "Nötter"
      },
      {
        "id": 3,
        "infoSource": null,
        "level": {
          "enumType": "se.mat.mycroft.enums.AllergyLevel",
          "name": "TRACES"
        },
        "substanceName": "Ägg"
      },
      {
        "id": 7,
        "infoSource": null,
        "level": {
          "enumType": "se.mat.mycroft.enums.AllergyLevel",
          "name": "CONTAINS"
        },
        "substanceName": "Mjölk"
      },
      {
        "id": 6,
        "infoSource": null,
        "level": {
          "enumType": "se.mat.mycroft.enums.AllergyLevel",
          "name": "CONTAINS"
        },
        "substanceName": "Sojabönor"
      }
    ],
    "warehouseProductMappingId": null,
    "productRelationship": {
      "canBeReplacedWithProductIds": [],
      "canBeSubstitutedWithProductIds": [
        93849,
        94959,
        29294
      ],
      "sameContentProductIds": []
    },
    "soldCount": 5229,
    "variety": "",
    "isAgreeWithPersonalTerms": null,
    "hasDeclinedPersonalAgreement": null,
    "probability": null,
    "productCountries": [],
    "productVarieties": [],
    "productBanner": null,
    "isShowOnTopProduct": false,
    "primaryCategoryNamePath": "Mat.se Göteborg/Apoteksvaror/Vitaminer, Hälso- & Kosttillskott/Bars"
  },
  {
    "id": 67358,
    "dateCreated": "Fri Sep 18 14:42:20 CEST 2015",
    "name": "Proteinpudding Choklad Laktosfri",
    "showPrice": "20,50  kr",
    "friendlyUrl": "proteinpudding-choklad-njie-200g",
    "formattedName": "Proteinpudding Choklad Laktosfri",
    "ean": "73143611",
    "countryOfOrigin": "DE",
    "translatedCountryName": "Tyskland",
    "labelTags": [
      {
        "id": 15,
        "name": "Särnär fri från laktos",
        "tag": "fri_laktos"
      }
    ],
    "hasImage": true,
    "imageUrl": "https://d1hr6nb56yyl1.cloudfront.net/product-images/67358-150.jpg",
    "brand": {
      "id": 1518,
      "name": "NJIE"
    },
    "categories": [
      {
        "id": 11482,
        "name": "Proteinpudding"
      },
      {
        "id": 10264,
        "name": "Pudding"
      },
      {
        "id": 9230,
        "name": "Proteintillskott"
      }
    ],
    "displayBrand": "NJIE",
    "favouriteCount": 1862,
    "active": true,
    "inStockQuantity": 20,
    "orderable": true,
    "price": 20.5,
    "priceWithoutVat": 18.3035714286,
    "recommendedRetailPrice": null,
    "readableComparisonPrice": "102,50 kr/kg",
    "discount": null,
    "discountedPrice": 0,
    "size": "200G",
    "weightProduct": false,
    "vat": 12,
    "content": "Högpastöriserad MJÖLK/MELK/MÆLK, MJÖLKPROTEIN/MELKEPROTEIN/MÆLKEPROTEIN, fettreducerad kakao (1,8%), stabiliseringsmedel/stabilisator (cellulosagummi, karragenan), antioxidationsmedel (natriumfosfater), sötningsmedel/søtstoffer (acesulfam K, steviolglykosider), arom, laktasenzym. Innehåller naturligt förekommande socker/Med et naturlig innhold av sukker.",
    "nutrition": "Näringsvärde per 100 Gram\nenergi 315 Kilojoule\nenergi 75 Kilokalori\nfett 1.5 Gram\nvarav mättat fett 1 Gram\nkolhydrat 4.8 Gram\nvarav sockerarter 4.5 Gram\nprotein 10 Gram\nsalt 0.3 Gram",
    "durability": null,
    "recycling": null,
    "detail": "NJIE ProPud Protein Pudding Chocolate - en krämig och god pudding med chokladsmak. Utan tillsatt socker, laktosfri och med 20 g protein per burk.\n\nKan förvaras i rumstemperatur. Öppnad förpackning förvaras i kyl. Används inom 2 dagar.",
    "storage": "Kan förvaras i rumstemperatur. Öppnad förpackning förvaras i kyl. Används inom 2 dagar.",
    "combinedNameWithBrand": "Proteinpudding Choklad Laktosfri Njie",
    "averageProductLife": 104.3,
    "minimumDaysBeforeExpire": 5,
    "averageUnitWeight": 213,
    "weight": 213,
    "isMixable": false,
    "idRequired": 0,
    "tagNames": [
      "pudding",
      "proteinpudding",
      "mellanmål",
      "träning",
      "pro",
      "Choklad",
      "chokladsmak",
      "chokladpudding",
      "pud",
      "Protein"
    ],
    "featured": false,
    "campaignRank": 2147483647,
    "availableQuantities": [
      {
        "quantity": 20,
        "quantityKey": "dw-14478"
      },
      {
        "quantity": 20,
        "quantityKey": "dw-14474"
      },
      {
        "quantity": 20,
        "quantityKey": "dw-14408"
      },
      {
        "quantity": 13,
        "quantityKey": "dw-14398"
      },
      {
        "quantity": 20,
        "quantityKey": "dw-14426"
      },
      {
        "quantity": 13,
        "quantityKey": "dw-14406"
      },
      {
        "quantity": 20,
        "quantityKey": "dw-14452"
      },
      {
        "quantity": 20,
        "quantityKey": "dw-14434"
      },
      {
        "quantity": 13,
        "quantityKey": "dw-14400"
      },
      {
        "quantity": 20,
        "quantityKey": "dw-14414"
      },
      {
        "quantity": 20,
        "quantityKey": "dw-14450"
      },
      {
        "quantity": 20,
        "quantityKey": "dw-14428"
      },
      {
        "quantity": 20,
        "quantityKey": "dw-14480"
      },
      {
        "quantity": 20,
        "quantityKey": "dw-14468"
      },
      {
        "quantity": 20,
        "quantityKey": "dw-14422"
      },
      {
        "quantity": 20,
        "quantityKey": "dw-14416"
      },
      {
        "quantity": 13,
        "quantityKey": "dw-14392"
      },
      {
        "quantity": 20,
        "quantityKey": "dw-14444"
      },
      {
        "quantity": 20,
        "quantityKey": "dw-14460"
      },
      {
        "quantity": 20,
        "quantityKey": "dw-14442"
      },
      {
        "quantity": 20,
        "quantityKey": "default"
      },
      {
        "quantity": 20,
        "quantityKey": "dw-14436"
      },
      {
        "quantity": 20,
        "quantityKey": "dw-14458"
      },
      {
        "quantity": 13,
        "quantityKey": "dw-14390"
      },
      {
        "quantity": 20,
        "quantityKey": "dw-14466"
      }
    ],
    "emission": 0,
    "allergies": [
      {
        "id": 7,
        "infoSource": null,
        "level": {
          "enumType": "se.mat.mycroft.enums.AllergyLevel",
          "name": "CONTAINS"
        },
        "substanceName": "Mjölk"
      }
    ],
    "warehouseProductMappingId": null,
    "productRelationship": {
      "canBeReplacedWithProductIds": [],
      "canBeSubstitutedWithProductIds": [],
      "sameContentProductIds": [
        82619
      ]
    },
    "soldCount": 18005,
    "variety": "",
    "isAgreeWithPersonalTerms": null,
    "hasDeclinedPersonalAgreement": null,
    "probability": null,
    "productCountries": [],
    "productVarieties": [],
    "productBanner": null,
    "isShowOnTopProduct": false,
    "primaryCategoryNamePath": "Mat.se Göteborg/Hälsa & Träning/Proteinpudding"
  },
  {
    "id": 93858,
    "dateCreated": "Fri Oct 20 13:36:38 CEST 2017",
    "name": "Milkshake Chocolate",
    "showPrice": "24,50  kr",
    "friendlyUrl": "protein-milkshake-chocolate-barebells-330-ml",
    "formattedName": "Milkshake Chocolate",
    "ean": "7340001800708",
    "countryOfOrigin": "AT",
    "translatedCountryName": "Österrike",
    "labelTags": [
      {
        "id": 15,
        "name": "Särnär fri från laktos",
        "tag": "fri_laktos"
      }
    ],
    "hasImage": true,
    "imageUrl": "https://d1hr6nb56yyl1.cloudfront.net/product-images/93858-150.jpg",
    "brand": {
      "id": 3423,
      "name": "Barebells"
    },
    "categories": [
      {
        "id": 11478,
        "name": "Proteindryck"
      },
      {
        "id": 9326,
        "name": "Hälsodrycker"
      },
      {
        "id": 9230,
        "name": "Proteintillskott"
      }
    ],
    "displayBrand": "Barebells",
    "favouriteCount": 464,
    "active": true,
    "inStockQuantity": 24,
    "orderable": true,
    "price": 24.5,
    "priceWithoutVat": 21.875,
    "recommendedRetailPrice": null,
    "readableComparisonPrice": "74,24 kr/l",
    "discount": null,
    "discountedPrice": 0,
    "size": "330ML",
    "weightProduct": false,
    "vat": 12,
    "content": "MJÖLK/MÆLK, vatten/vand, MJÖLK/MÆLKEPROTEIN, kakao (0,9 %), arom (choklad), stabiliseringsmedel/stabilisator (cellulosa, karboximetylcellulosa, karragenan), sötningsmedel/sødestof (acesulfam-K, sukralos), laktas. UHT-behandlad. Innehåller naturligt förekommande sockerarter/ med et naturligt indhold af sukker.",
    "nutrition": "Näringsvärde per 100 Milliliter\nenergi 232 Kilojoule\nenergi 55 Kilokalori\nfett 1.3 Gram\nvarav mättat fett 0.8 Gram\nkolhydrat 3.5 Gram\nvarav sockerarter 3.4 Gram\nprotein 7.3 Gram\nsalt 0.21 Gram",
    "durability": null,
    "recycling": null,
    "detail": "Proteinrik milkshake med smak av choklad. Innehåller sötningsmedel.\n\nSkakas före servering. Serveras kallt.\n\nKan förvaras i rumstemperatur. Öppnad förpackning förvaras i kylskåp och bör förtäras inom 24 timmar.",
    "storage": "Kan förvaras i rumstemperatur. Öppnad förpackning förvaras i kylskåp och bör förtäras inom 24 timmar.",
    "combinedNameWithBrand": "Milkshake Chocolate Barebells",
    "averageProductLife": 0,
    "minimumDaysBeforeExpire": 5,
    "averageUnitWeight": 376,
    "weight": 376,
    "isMixable": false,
    "idRequired": 0,
    "tagNames": [],
    "featured": false,
    "campaignRank": 106,
    "availableQuantities": [
      {
        "quantity": 24,
        "quantityKey": "default"
      },
      {
        "quantity": 24,
        "quantityKey": "dw-14436"
      },
      {
        "quantity": 24,
        "quantityKey": "dw-14428"
      },
      {
        "quantity": 24,
        "quantityKey": "dw-14444"
      },
      {
        "quantity": 24,
        "quantityKey": "dw-14458"
      },
      {
        "quantity": 24,
        "quantityKey": "dw-14480"
      },
      {
        "quantity": 24,
        "quantityKey": "dw-14416"
      },
      {
        "quantity": 24,
        "quantityKey": "dw-14426"
      },
      {
        "quantity": 24,
        "quantityKey": "dw-14468"
      },
      {
        "quantity": 24,
        "quantityKey": "dw-14422"
      },
      {
        "quantity": 24,
        "quantityKey": "dw-14406"
      },
      {
        "quantity": 24,
        "quantityKey": "dw-14450"
      },
      {
        "quantity": 24,
        "quantityKey": "dw-14408"
      },
      {
        "quantity": 24,
        "quantityKey": "dw-14400"
      },
      {
        "quantity": 24,
        "quantityKey": "dw-14452"
      },
      {
        "quantity": 16,
        "quantityKey": "dw-14392"
      },
      {
        "quantity": 24,
        "quantityKey": "dw-14478"
      },
      {
        "quantity": 24,
        "quantityKey": "dw-14434"
      },
      {
        "quantity": 24,
        "quantityKey": "dw-14442"
      },
      {
        "quantity": 24,
        "quantityKey": "dw-14466"
      },
      {
        "quantity": 24,
        "quantityKey": "dw-14414"
      },
      {
        "quantity": 24,
        "quantityKey": "dw-14460"
      },
      {
        "quantity": 24,
        "quantityKey": "dw-14474"
      },
      {
        "quantity": 16,
        "quantityKey": "dw-14398"
      }
    ],
    "emission": 0,
    "allergies": [
      {
        "id": 7,
        "infoSource": null,
        "level": {
          "enumType": "se.mat.mycroft.enums.AllergyLevel",
          "name": "CONTAINS"
        },
        "substanceName": "Mjölk"
      }
    ],
    "warehouseProductMappingId": null,
    "productRelationship": {
      "canBeReplacedWithProductIds": [],
      "canBeSubstitutedWithProductIds": [],
      "sameContentProductIds": []
    },
    "soldCount": 3321,
    "variety": "",
    "isAgreeWithPersonalTerms": null,
    "hasDeclinedPersonalAgreement": null,
    "probability": null,
    "productCountries": [],
    "productVarieties": [],
    "productBanner": null,
    "isShowOnTopProduct": false,
    "primaryCategoryNamePath": "Mat.se Göteborg/Hälsa & Träning/Proteindryck"
  },
  {
    "id": 90713,
    "dateCreated": "Fri Oct 27 09:27:34 CEST 2017",
    "name": "Protein Bar Peanut Seasalt",
    "showPrice": "25,50  kr",
    "friendlyUrl": "protein-bar-salty-peanut-barebells-55-g",
    "formattedName": "Protein Bar Peanut Seasalt",
    "ean": "7340001800715",
    "countryOfOrigin": "HR",
    "translatedCountryName": "Kroatien",
    "labelTags": [],
    "hasImage": true,
    "imageUrl": "https://d1hr6nb56yyl1.cloudfront.net/product-images/90713-150.jpg",
    "brand": {
      "id": 3423,
      "name": "Barebells"
    },
    "categories": [
      {
        "id": 4336,
        "name": "Bars"
      },
      {
        "id": 9230,
        "name": "Proteintillskott"
      },
      {
        "id": 11474,
        "name": "Bars"
      }
    ],
    "displayBrand": "Barebells",
    "favouriteCount": 974,
    "active": true,
    "inStockQuantity": 17,
    "orderable": true,
    "price": 25.5,
    "priceWithoutVat": 22.7678571429,
    "recommendedRetailPrice": null,
    "readableComparisonPrice": "463,64 kr/kg",
    "discount": null,
    "discountedPrice": 0,
    "size": "55G",
    "weightProduct": false,
    "vat": 12,
    "content": "MJÖLKPROTEIN, MJÖLKCHOKLAD (22%), (sötningsmedel: maltitol, kakaosmör, HELMJÖLKSPULVER, kakaomassa, emulgeringsmedel: SOJALECITIN, aromer), fuktighetsbevarande medel: glycerol, isomalto-oligosackarider, kollagenpeptider, JORDNÖTTER (4,0%), vit choklad (3,8%) (sötningsmedel: maltitol, kakaosmör, HELMJÖLKSPULVER, emulgeringsmedel: SOJALECITIN, aromer), SOJAKRISP (SOJAPROTEIN, kakao, tapiokastärkelse), palmfett, JORDNÖTspasta(1,3%), fettreducerat kakaopulver, aromer, salt, sötningsmedel: sukralos, acesulfam K.",
    "nutrition": "Näringsvärde per 100 Gram\nenergi 1519 Kilojoule\nenergi 364 Kilokalori\nfett 15 Gram\nvarav mättat fett 8 Gram\nkolhydrat 27 Gram\nvarav sockerarter 2.8 Gram\nfiber 7.1 Gram\nprotein 36 Gram\nsalt 0.46 Gram",
    "durability": null,
    "recycling": null,
    "detail": "Proteinbar med mjölkchokladöverdrag och smak av salta nötter. Innehåller sötningsmedel och naturligt förekommande sockerarter.\n\nÖverdriven konsumtion kan ha laxerande effekt. Återvinns som plastförpackning.\n\nKan förvaras i rumstemperatur",
    "storage": "Kan förvaras i rumstemperatur",
    "combinedNameWithBrand": "Protein Bar Peanut Seasalt Barebells",
    "averageProductLife": 0,
    "minimumDaysBeforeExpire": 31,
    "averageUnitWeight": 56,
    "weight": 56,
    "isMixable": false,
    "idRequired": 0,
    "tagNames": [
      "caramel",
      "proteinbar",
      "Socker",
      "tillsatt",
      "utan",
      "Jordnöt",
      "UTS",
      "salta",
      "Jordnötter"
    ],
    "featured": false,
    "campaignRank": 235,
    "availableQuantities": [
      {
        "quantity": 17,
        "quantityKey": "dw-14422"
      },
      {
        "quantity": 17,
        "quantityKey": "dw-14474"
      },
      {
        "quantity": 17,
        "quantityKey": "dw-14400"
      },
      {
        "quantity": 17,
        "quantityKey": "dw-14452"
      },
      {
        "quantity": 17,
        "quantityKey": "dw-14408"
      },
      {
        "quantity": 17,
        "quantityKey": "dw-14468"
      },
      {
        "quantity": 17,
        "quantityKey": "dw-14442"
      },
      {
        "quantity": 17,
        "quantityKey": "dw-14416"
      },
      {
        "quantity": 17,
        "quantityKey": "dw-14426"
      },
      {
        "quantity": 17,
        "quantityKey": "dw-14460"
      },
      {
        "quantity": 17,
        "quantityKey": "dw-14478"
      },
      {
        "quantity": 17,
        "quantityKey": "dw-14414"
      },
      {
        "quantity": 17,
        "quantityKey": "dw-14436"
      },
      {
        "quantity": 17,
        "quantityKey": "dw-14458"
      },
      {
        "quantity": 17,
        "quantityKey": "default"
      },
      {
        "quantity": 17,
        "quantityKey": "dw-14444"
      },
      {
        "quantity": 17,
        "quantityKey": "dw-14466"
      },
      {
        "quantity": 17,
        "quantityKey": "dw-14428"
      },
      {
        "quantity": 17,
        "quantityKey": "dw-14450"
      },
      {
        "quantity": 17,
        "quantityKey": "dw-14480"
      },
      {
        "quantity": 17,
        "quantityKey": "dw-14406"
      },
      {
        "quantity": 17,
        "quantityKey": "dw-14434"
      }
    ],
    "emission": 0,
    "allergies": [
      {
        "id": 10,
        "infoSource": null,
        "level": {
          "enumType": "se.mat.mycroft.enums.AllergyLevel",
          "name": "TRACES"
        },
        "substanceName": "Nötter"
      },
      {
        "id": 1,
        "infoSource": null,
        "level": {
          "enumType": "se.mat.mycroft.enums.AllergyLevel",
          "name": "TRACES"
        },
        "substanceName": "Gluten"
      },
      {
        "id": 6,
        "infoSource": null,
        "level": {
          "enumType": "se.mat.mycroft.enums.AllergyLevel",
          "name": "CONTAINS"
        },
        "substanceName": "Sojabönor"
      },
      {
        "id": 7,
        "infoSource": null,
        "level": {
          "enumType": "se.mat.mycroft.enums.AllergyLevel",
          "name": "CONTAINS"
        },
        "substanceName": "Mjölk"
      },
      {
        "id": 5,
        "infoSource": null,
        "level": {
          "enumType": "se.mat.mycroft.enums.AllergyLevel",
          "name": "CONTAINS"
        },
        "substanceName": "Jordnötter"
      },
      {
        "id": 3,
        "infoSource": null,
        "level": {
          "enumType": "se.mat.mycroft.enums.AllergyLevel",
          "name": "TRACES"
        },
        "substanceName": "Ägg"
      }
    ],
    "warehouseProductMappingId": null,
    "productRelationship": {
      "canBeReplacedWithProductIds": [],
      "canBeSubstitutedWithProductIds": [
        71261,
        93247,
        93678
      ],
      "sameContentProductIds": []
    },
    "soldCount": 7900,
    "variety": "",
    "isAgreeWithPersonalTerms": null,
    "hasDeclinedPersonalAgreement": null,
    "probability": null,
    "productCountries": [],
    "productVarieties": [],
    "productBanner": null,
    "isShowOnTopProduct": false,
    "primaryCategoryNamePath": "Mat.se Göteborg/Apoteksvaror/Vitaminer, Hälso- & Kosttillskott/Bars"
  },
  {
    "id": 90632,
    "dateCreated": "Thu May 04 12:31:04 CEST 2017",
    "name": "Protein Bar Caramell & Cashew",
    "showPrice": "25,50  kr",
    "friendlyUrl": "protein-bar-caramel-cashew-barbells-55g",
    "formattedName": "Protein Bar Caramell & Cashew",
    "ean": "7340001800227",
    "countryOfOrigin": "HR",
    "translatedCountryName": "Kroatien",
    "labelTags": [],
    "hasImage": true,
    "imageUrl": "https://d1hr6nb56yyl1.cloudfront.net/product-images/90632-150.jpg",
    "brand": {
      "id": 3423,
      "name": "Barebells"
    },
    "categories": [
      {
        "id": 4336,
        "name": "Bars"
      },
      {
        "id": 9230,
        "name": "Proteintillskott"
      },
      {
        "id": 11474,
        "name": "Bars"
      }
    ],
    "displayBrand": "Barebells",
    "favouriteCount": 1005,
    "active": true,
    "inStockQuantity": 20,
    "orderable": true,
    "price": 25.5,
    "priceWithoutVat": 22.7678571429,
    "recommendedRetailPrice": null,
    "readableComparisonPrice": "463,64 kr/kg",
    "discount": null,
    "discountedPrice": 0,
    "size": "55G",
    "weightProduct": false,
    "vat": 12,
    "content": "MJÖLKPROTEIN, fuktighetsbevarande medel (glycerol), kollagenpeptider, sötningsmedel (maltitol), polydextros, kakaosmör, vatten, CASHEWNÖTTER, MJÖLKPULVER, solrosolja, kakaomassa, JORDNÖTSPASTA (JORDNÖTTER, JORDNÖTSOLJA), kakaopulver, arom, emulgeringsmedel (SOJALECITIN), sötningsmedel (sukralos, acesulfam K). Kan innehålla spår av GLUTEN, ÄGG och andra NÖTTER.",
    "nutrition": "Näringsvärde per 100 Gram\nenergi 1552 Kilojoule\nenergi 371 Kilokalori\nfett 15 Gram\nvarav mättat fett 6.4 Gram\nkolhydrat 30 Gram\nvarav sockerarter 2.8 Gram\nfiber 5.3 Gram\nprotein 36 Gram\nsalt 0.24 Gram",
    "durability": null,
    "recycling": null,
    "detail": "Proteinbar med mjölkchokladöverdrag. Smak av Caramel Cashew. Innehåller sötningsmedel.\n\nÖverdriven konsumtion kan ha laxerande effekt. Återvinns som plastförpackning.\n\nFörpackningen kan förvaras i rumstemperatur.",
    "storage": "Förpackningen kan förvaras i rumstemperatur.",
    "combinedNameWithBrand": "Protein Bar Caramell & Cashew Barebells",
    "averageProductLife": 0,
    "minimumDaysBeforeExpire": 31,
    "averageUnitWeight": 56,
    "weight": 56,
    "isMixable": false,
    "idRequired": 0,
    "tagNames": [
      "träning",
      "hälsa",
      "proteinbar",
      "Protein",
      "träna"
    ],
    "featured": false,
    "campaignRank": 234,
    "availableQuantities": [
      {
        "quantity": 20,
        "quantityKey": "dw-14436"
      },
      {
        "quantity": 20,
        "quantityKey": "dw-14428"
      },
      {
        "quantity": 20,
        "quantityKey": "dw-14468"
      },
      {
        "quantity": 20,
        "quantityKey": "default"
      },
      {
        "quantity": 20,
        "quantityKey": "dw-14466"
      },
      {
        "quantity": 20,
        "quantityKey": "dw-14434"
      },
      {
        "quantity": 20,
        "quantityKey": "dw-14442"
      },
      {
        "quantity": 20,
        "quantityKey": "dw-14416"
      },
      {
        "quantity": 20,
        "quantityKey": "dw-14458"
      },
      {
        "quantity": 20,
        "quantityKey": "dw-14422"
      },
      {
        "quantity": 20,
        "quantityKey": "dw-14408"
      },
      {
        "quantity": 13,
        "quantityKey": "dw-14392"
      },
      {
        "quantity": 20,
        "quantityKey": "dw-14480"
      },
      {
        "quantity": 20,
        "quantityKey": "dw-14452"
      },
      {
        "quantity": 13,
        "quantityKey": "dw-14398"
      },
      {
        "quantity": 20,
        "quantityKey": "dw-14426"
      },
      {
        "quantity": 20,
        "quantityKey": "dw-14450"
      },
      {
        "quantity": 20,
        "quantityKey": "dw-14478"
      },
      {
        "quantity": 20,
        "quantityKey": "dw-14460"
      },
      {
        "quantity": 20,
        "quantityKey": "dw-14474"
      },
      {
        "quantity": 13,
        "quantityKey": "dw-14390"
      },
      {
        "quantity": 20,
        "quantityKey": "dw-14400"
      },
      {
        "quantity": 20,
        "quantityKey": "dw-14406"
      },
      {
        "quantity": 20,
        "quantityKey": "dw-14414"
      },
      {
        "quantity": 20,
        "quantityKey": "dw-14444"
      }
    ],
    "emission": 0,
    "allergies": [
      {
        "id": 10,
        "infoSource": null,
        "level": {
          "enumType": "se.mat.mycroft.enums.AllergyLevel",
          "name": "CONTAINS"
        },
        "substanceName": "Nötter"
      },
      {
        "id": 7,
        "infoSource": null,
        "level": {
          "enumType": "se.mat.mycroft.enums.AllergyLevel",
          "name": "CONTAINS"
        },
        "substanceName": "Mjölk"
      },
      {
        "id": 5,
        "infoSource": null,
        "level": {
          "enumType": "se.mat.mycroft.enums.AllergyLevel",
          "name": "CONTAINS"
        },
        "substanceName": "Jordnötter"
      },
      {
        "id": 3,
        "infoSource": null,
        "level": {
          "enumType": "se.mat.mycroft.enums.AllergyLevel",
          "name": "TRACES"
        },
        "substanceName": "Ägg"
      },
      {
        "id": 1,
        "infoSource": null,
        "level": {
          "enumType": "se.mat.mycroft.enums.AllergyLevel",
          "name": "TRACES"
        },
        "substanceName": "Gluten"
      },
      {
        "id": 6,
        "infoSource": null,
        "level": {
          "enumType": "se.mat.mycroft.enums.AllergyLevel",
          "name": "CONTAINS"
        },
        "substanceName": "Sojabönor"
      }
    ],
    "warehouseProductMappingId": null,
    "productRelationship": {
      "canBeReplacedWithProductIds": [],
      "canBeSubstitutedWithProductIds": [
        94962,
        87829,
        93356,
        60726
      ],
      "sameContentProductIds": []
    },
    "soldCount": 8302,
    "variety": "",
    "isAgreeWithPersonalTerms": null,
    "hasDeclinedPersonalAgreement": null,
    "probability": null,
    "productCountries": [],
    "productVarieties": [],
    "productBanner": null,
    "isShowOnTopProduct": false,
    "primaryCategoryNamePath": "Mat.se Göteborg/Apoteksvaror/Vitaminer, Hälso- & Kosttillskott/Bars"
  },
  {
    "id": 82619,
    "dateCreated": "Wed Jun 22 10:37:17 CEST 2016",
    "name": "Propud Choklad",
    "showPrice": "35,95  kr",
    "friendlyUrl": "propud-choklad-njie-500g",
    "formattedName": "Propud Choklad",
    "ean": "7350068291111",
    "countryOfOrigin": "DE",
    "translatedCountryName": "Tyskland",
    "labelTags": [
      {
        "id": 15,
        "name": "Särnär fri från laktos",
        "tag": "fri_laktos"
      }
    ],
    "hasImage": true,
    "imageUrl": "https://d1hr6nb56yyl1.cloudfront.net/product-images/82619-150.jpg",
    "brand": {
      "id": 1518,
      "name": "NJIE"
    },
    "categories": [
      {
        "id": 11482,
        "name": "Proteinpudding"
      },
      {
        "id": 10264,
        "name": "Pudding"
      },
      {
        "id": 9230,
        "name": "Proteintillskott"
      }
    ],
    "displayBrand": "NJIE",
    "favouriteCount": 988,
    "active": true,
    "inStockQuantity": 14,
    "orderable": true,
    "price": 35.95,
    "priceWithoutVat": 32.0982142857,
    "recommendedRetailPrice": null,
    "readableComparisonPrice": "71,90 kr/kg",
    "discount": null,
    "discountedPrice": 0,
    "size": "500G",
    "weightProduct": false,
    "vat": 12,
    "content": "Högpastöriserad MJÖLK, MJÖLKPROTEIN, fettreducerad kakao (1,8%), stabiliseringsmedel (cellulosagummi, karragenan), antioxidationsmedel (natriumfosfater), sötningsmedel (acesulfam K, steviolglykosider), arom, laktasenzym. Innehåller naturligt förekommande socker.",
    "nutrition": "Näringsvärde per 100 Gram\nenergi 315 Kilojoule\nenergi 75 Kilokalori\nfett 1.5 Gram\nvarav mättat fett 1 Gram\nkolhydrat 4.8 Gram\nvarav sockerarter 4.5 Gram\nprotein 10 Gram\nsalt 0.3 Gram",
    "durability": null,
    "recycling": null,
    "detail": "NJIE ProPud Protein Pudding Chocolate - en krämig och god pudding med chokladsmak. Utan tillsatt socker, laktosfri och proteinrik.\n\nServeras kyld.\n\nOöppnad förpackning kan förvaras i rumstemperatur. Öppnad förpackning förvaras i kyl upp till 2 dagar",
    "storage": "Oöppnad förpackning kan förvaras i rumstemperatur. Öppnad förpackning förvaras i kyl upp till 2 dagar",
    "combinedNameWithBrand": "Propud Choklad Njie",
    "averageProductLife": 96.9,
    "minimumDaysBeforeExpire": 5,
    "averageUnitWeight": 517,
    "weight": 517,
    "isMixable": false,
    "idRequired": 0,
    "tagNames": [
      "proteinpudding",
      "Protein",
      "chokladsmak",
      "pro",
      "pud",
      "pudding",
      "träning",
      "mellanmål",
      "chokladpudding",
      "Choklad"
    ],
    "featured": false,
    "campaignRank": 39,
    "availableQuantities": [
      {
        "quantity": 14,
        "quantityKey": "dw-14434"
      },
      {
        "quantity": 14,
        "quantityKey": "dw-14442"
      },
      {
        "quantity": 14,
        "quantityKey": "default"
      },
      {
        "quantity": 14,
        "quantityKey": "dw-14478"
      },
      {
        "quantity": 14,
        "quantityKey": "dw-14406"
      },
      {
        "quantity": 14,
        "quantityKey": "dw-14466"
      },
      {
        "quantity": 14,
        "quantityKey": "dw-14450"
      },
      {
        "quantity": 14,
        "quantityKey": "dw-14392"
      },
      {
        "quantity": 14,
        "quantityKey": "dw-14390"
      },
      {
        "quantity": 14,
        "quantityKey": "dw-14428"
      },
      {
        "quantity": 14,
        "quantityKey": "dw-14474"
      },
      {
        "quantity": 14,
        "quantityKey": "dw-14408"
      },
      {
        "quantity": 14,
        "quantityKey": "dw-14416"
      },
      {
        "quantity": 14,
        "quantityKey": "dw-14452"
      },
      {
        "quantity": 14,
        "quantityKey": "dw-14436"
      },
      {
        "quantity": 14,
        "quantityKey": "dw-14414"
      },
      {
        "quantity": 14,
        "quantityKey": "dw-14460"
      },
      {
        "quantity": 14,
        "quantityKey": "dw-14444"
      },
      {
        "quantity": 14,
        "quantityKey": "dw-14400"
      },
      {
        "quantity": 14,
        "quantityKey": "dw-14468"
      },
      {
        "quantity": 14,
        "quantityKey": "dw-14426"
      },
      {
        "quantity": 14,
        "quantityKey": "dw-14458"
      },
      {
        "quantity": 14,
        "quantityKey": "dw-14422"
      },
      {
        "quantity": 14,
        "quantityKey": "dw-14480"
      },
      {
        "quantity": 14,
        "quantityKey": "dw-14398"
      }
    ],
    "emission": 0,
    "allergies": [
      {
        "id": 7,
        "infoSource": null,
        "level": {
          "enumType": "se.mat.mycroft.enums.AllergyLevel",
          "name": "CONTAINS"
        },
        "substanceName": "Mjölk"
      }
    ],
    "warehouseProductMappingId": null,
    "productRelationship": {
      "canBeReplacedWithProductIds": [],
      "canBeSubstitutedWithProductIds": [],
      "sameContentProductIds": [
        67358
      ]
    },
    "soldCount": 8932,
    "variety": "",
    "isAgreeWithPersonalTerms": null,
    "hasDeclinedPersonalAgreement": null,
    "probability": null,
    "productCountries": [],
    "productVarieties": [],
    "productBanner": null,
    "isShowOnTopProduct": false,
    "primaryCategoryNamePath": "Mat.se Göteborg/Hälsa & Träning/Proteinpudding"
  },
  {
    "id": 135320,
    "dateCreated": "Tue May 10 07:49:50 CEST 2022",
    "name": "Pudding manna ris",
    "showPrice": "16,95  kr",
    "friendlyUrl": "pudding-manna-ris-ehrmann-high-protein-200-g",
    "formattedName": "Pudding Manna Ris",
    "ean": "4002971244502",
    "countryOfOrigin": "DE",
    "translatedCountryName": "Tyskland",
    "labelTags": [
      {
        "id": 15,
        "name": "Särnär fri från laktos",
        "tag": "fri_laktos"
      }
    ],
    "hasImage": true,
    "imageUrl": "https://d1hr6nb56yyl1.cloudfront.net/product-images/135320-150.jpg",
    "brand": {
      "id": 13435,
      "name": "Ehrmann High Protein"
    },
    "categories": [
      {
        "id": 11482,
        "name": "Proteinpudding"
      }
    ],
    "displayBrand": "Ehrmann High Protein",
    "favouriteCount": 0,
    "active": true,
    "inStockQuantity": 6,
    "orderable": true,
    "price": 16.95000076293945,
    "priceWithoutVat": 15.13392925262451,
    "recommendedRetailPrice": null,
    "readableComparisonPrice": "84,75 kr/kg",
    "discount": null,
    "discountedPrice": 0,
    "size": "200 g",
    "weightProduct": false,
    "vat": 12,
    "content": "Pastöriserad SKUMMJÖLK/pasteurisert SKUMMETMELK, MJÖLKPROTEIN/MELKEPROTEIN 8,7%, risgryn 4,9%, GRÄDDE/FLØTE, förtjockningsmedel/fortykningsmiddel (E 407, E 415), laktasenzym, sötningsmedel/søtstoffer (E 950, E 955), arom/aroma.\nInnehåller naturligt förekommande socker.\nMed et naturlig innhold av sukker.\nKan innehålla spår av SOJA.\nKan inneholde spor av SOYA.",
    "nutrition": "Näringsvärde per 100 gram\nEnergi 350/83 kilojoule/kilokalori\nFett 1.2 gram\nvarav mättat fett 0.8 gram\nKolhydrat 8.0 gram\nvarav sockerarter 4.5 gram\nProtein 10.0 gram\nSalt 0.10 gram",
    "durability": null,
    "recycling": null,
    "detail": "Ehrmann High protein Manna rispudding lyckas kombinera hälsa med en fantastisk smakupplevelse. Proteinpuddingen innehåller 20 g protein, inget tillsatt socker och få kalorier. Laktos- och glutenfri.\n\nNeeds to be refrigerated!",
    "storage": "Förvaring: max +8°C. Bäst före: se locket.",
    "combinedNameWithBrand": "Pudding Manna Ris Ehrmann High Protein",
    "averageProductLife": 85.1,
    "minimumDaysBeforeExpire": 5,
    "averageUnitWeight": 0,
    "weight": 208,
    "isMixable": false,
    "idRequired": 0,
    "tagNames": [],
    "featured": false,
    "campaignRank": 2147483647,
    "availableQuantities": [
      {
        "quantity": 6,
        "quantityKey": "dw-14426"
      },
      {
        "quantity": 6,
        "quantityKey": "dw-14466"
      },
      {
        "quantity": 6,
        "quantityKey": "dw-14442"
      },
      {
        "quantity": 6,
        "quantityKey": "dw-14450"
      },
      {
        "quantity": 6,
        "quantityKey": "dw-14414"
      },
      {
        "quantity": 6,
        "quantityKey": "dw-14444"
      },
      {
        "quantity": 6,
        "quantityKey": "dw-14428"
      },
      {
        "quantity": 6,
        "quantityKey": "default"
      },
      {
        "quantity": 6,
        "quantityKey": "dw-14434"
      },
      {
        "quantity": 6,
        "quantityKey": "dw-14422"
      },
      {
        "quantity": 6,
        "quantityKey": "dw-14460"
      },
      {
        "quantity": 6,
        "quantityKey": "dw-14400"
      },
      {
        "quantity": 6,
        "quantityKey": "dw-14436"
      },
      {
        "quantity": 6,
        "quantityKey": "dw-14392"
      },
      {
        "quantity": 6,
        "quantityKey": "dw-14474"
      },
      {
        "quantity": 6,
        "quantityKey": "dw-14416"
      },
      {
        "quantity": 6,
        "quantityKey": "dw-14452"
      },
      {
        "quantity": 6,
        "quantityKey": "dw-14398"
      },
      {
        "quantity": 6,
        "quantityKey": "dw-14408"
      },
      {
        "quantity": 6,
        "quantityKey": "dw-14468"
      },
      {
        "quantity": 1,
        "quantityKey": "dw-14390"
      },
      {
        "quantity": 6,
        "quantityKey": "dw-14458"
      },
      {
        "quantity": 6,
        "quantityKey": "dw-14406"
      }
    ],
    "emission": 0,
    "allergies": [
      {
        "id": 6,
        "infoSource": null,
        "level": {
          "enumType": "se.mat.mycroft.enums.AllergyLevel",
          "name": "TRACES"
        },
        "substanceName": "Sojabönor"
      },
      {
        "id": 7,
        "infoSource": null,
        "level": {
          "enumType": "se.mat.mycroft.enums.AllergyLevel",
          "name": "CONTAINS"
        },
        "substanceName": "Mjölk"
      }
    ],
    "warehouseProductMappingId": null,
    "productRelationship": {
      "canBeReplacedWithProductIds": [],
      "canBeSubstitutedWithProductIds": [],
      "sameContentProductIds": []
    },
    "soldCount": 12,
    "variety": "",
    "isAgreeWithPersonalTerms": null,
    "hasDeclinedPersonalAgreement": null,
    "probability": null,
    "productCountries": [],
    "productVarieties": [],
    "productBanner": null,
    "isShowOnTopProduct": false,
    "primaryCategoryNamePath": "Mat.se Göteborg/Hälsa & Träning/Proteinpudding"
  },
  {
    "id": 135236,
    "dateCreated": "Tue May 10 07:44:58 CEST 2022",
    "name": "Propud Kladdkaka",
    "showPrice": "20,50  kr",
    "friendlyUrl": "propud-kladdkaka-njie-200g",
    "formattedName": "Propud Kladdkaka",
    "ean": "7350068299117",
    "countryOfOrigin": "DE",
    "translatedCountryName": "Tyskland",
    "labelTags": [
      {
        "id": 15,
        "name": "Särnär fri från laktos",
        "tag": "fri_laktos"
      }
    ],
    "hasImage": true,
    "imageUrl": "https://d1hr6nb56yyl1.cloudfront.net/product-images/135236-150.jpg",
    "brand": {
      "id": 1518,
      "name": "NJIE"
    },
    "categories": [
      {
        "id": 11482,
        "name": "Proteinpudding"
      }
    ],
    "displayBrand": "NJIE",
    "favouriteCount": 0,
    "active": true,
    "inStockQuantity": 8,
    "orderable": true,
    "price": 20.5,
    "priceWithoutVat": 18.3035714286,
    "recommendedRetailPrice": null,
    "readableComparisonPrice": "102,50 kr/kg",
    "discount": null,
    "discountedPrice": 0,
    "size": "200G",
    "weightProduct": false,
    "vat": 12,
    "content": "Högpastöriserad MJÖLK/MELK/MÆLK, MJÖLKPROTEIN/MELKEPROTEIN/MÆLKEPROTEIN, fettreducerad kakao (2%), stabiliseringsmedel/stabilisator (cellulosagummi, karragenan), naturliga aromer, aromer, antioxidationsmedel (natriumfosfater), surhetsreglerande medel (kaliumkarbonater, natriumhydroxid, ammoniumhydroxid), sötningsmedel/søtstoffer (acesulfam K, steviolglykosider från stevia), laktasenzym. Innehåller naturligt förekommande socker/Med et naturlig innhold av sukker.",
    "nutrition": "Näringsvärde per 100 Gram\nenergi 315 Kilojoule\nenergi 75 Kilokalori\nfett 1.5 Gram\nvarav mättat fett 1 Gram\nkolhydrat 4.8 Gram\nvarav sockerarter 4.5 Gram\nprotein 10 Gram\nsalt 0.33 Gram",
    "durability": null,
    "recycling": null,
    "detail": "NJIE ProPud Protein Pudding Kladdkaka - en krämig och god pudding med smak av chokladkladdkaka. Utan tillsatt socker, laktosfri och med 20 g protein per burk.\n\nServeras kyld.\n\nKan förvaras i rumstemperatur. Öppnad förpackning förvaras i kyl. Används inom 2 dagar.",
    "storage": "Kan förvaras i rumstemperatur. Öppnad förpackning förvaras i kyl. Används inom 2 dagar.",
    "combinedNameWithBrand": "Propud Kladdkaka Njie",
    "averageProductLife": 110.3,
    "minimumDaysBeforeExpire": 5,
    "averageUnitWeight": 210,
    "weight": 210,
    "isMixable": false,
    "idRequired": 0,
    "tagNames": [],
    "featured": false,
    "campaignRank": 2147483647,
    "availableQuantities": [
      {
        "quantity": 8,
        "quantityKey": "dw-14460"
      },
      {
        "quantity": 8,
        "quantityKey": "default"
      },
      {
        "quantity": 8,
        "quantityKey": "dw-14478"
      },
      {
        "quantity": 8,
        "quantityKey": "dw-14422"
      },
      {
        "quantity": 8,
        "quantityKey": "dw-14450"
      },
      {
        "quantity": 8,
        "quantityKey": "dw-14458"
      },
      {
        "quantity": 8,
        "quantityKey": "dw-14398"
      },
      {
        "quantity": 8,
        "quantityKey": "dw-14468"
      },
      {
        "quantity": 8,
        "quantityKey": "dw-14428"
      },
      {
        "quantity": 8,
        "quantityKey": "dw-14452"
      },
      {
        "quantity": 8,
        "quantityKey": "dw-14414"
      },
      {
        "quantity": 8,
        "quantityKey": "dw-14400"
      },
      {
        "quantity": 8,
        "quantityKey": "dw-14466"
      },
      {
        "quantity": 8,
        "quantityKey": "dw-14406"
      },
      {
        "quantity": 8,
        "quantityKey": "dw-14434"
      },
      {
        "quantity": 8,
        "quantityKey": "dw-14426"
      },
      {
        "quantity": 8,
        "quantityKey": "dw-14408"
      },
      {
        "quantity": 8,
        "quantityKey": "dw-14390"
      },
      {
        "quantity": 8,
        "quantityKey": "dw-14442"
      },
      {
        "quantity": 8,
        "quantityKey": "dw-14444"
      },
      {
        "quantity": 8,
        "quantityKey": "dw-14480"
      },
      {
        "quantity": 8,
        "quantityKey": "dw-14436"
      },
      {
        "quantity": 8,
        "quantityKey": "dw-14392"
      },
      {
        "quantity": 8,
        "quantityKey": "dw-14474"
      },
      {
        "quantity": 8,
        "quantityKey": "dw-14416"
      }
    ],
    "emission": 0,
    "allergies": [
      {
        "id": 7,
        "infoSource": null,
        "level": {
          "enumType": "se.mat.mycroft.enums.AllergyLevel",
          "name": "CONTAINS"
        },
        "substanceName": "Mjölk"
      }
    ],
    "warehouseProductMappingId": null,
    "productRelationship": {
      "canBeReplacedWithProductIds": [],
      "canBeSubstitutedWithProductIds": [],
      "sameContentProductIds": []
    },
    "soldCount": 23,
    "variety": "",
    "isAgreeWithPersonalTerms": null,
    "hasDeclinedPersonalAgreement": null,
    "probability": null,
    "productCountries": [],
    "productVarieties": [],
    "productBanner": null,
    "isShowOnTopProduct": false,
    "primaryCategoryNamePath": "Mat.se Göteborg/Hälsa & Träning/Proteinpudding"
  },
  {
    "id": 134496,
    "dateCreated": "Tue Apr 05 08:46:27 CEST 2022",
    "name": "Chocolate´n Biscuit Proteinbar",
    "showPrice": "21,50  kr",
    "friendlyUrl": "chocolaten-biscuit-proteinbar-propud-55g",
    "formattedName": "Chocolate´n Biscuit Proteinbar",
    "ean": "7350068295539",
    "countryOfOrigin": "DE",
    "translatedCountryName": "Tyskland",
    "labelTags": [],
    "hasImage": true,
    "imageUrl": "https://d1hr6nb56yyl1.cloudfront.net/product-images/134496-150.jpg",
    "brand": {
      "id": 13382,
      "name": "Propud"
    },
    "categories": [
      {
        "id": 4336,
        "name": "Bars"
      },
      {
        "id": 11474,
        "name": "Bars"
      }
    ],
    "displayBrand": "Propud",
    "favouriteCount": 7,
    "active": true,
    "inStockQuantity": 19,
    "orderable": true,
    "price": 21.5,
    "priceWithoutVat": 19.1964285714,
    "recommendedRetailPrice": null,
    "readableComparisonPrice": "390,91 kr/kg",
    "discount": null,
    "discountedPrice": 0,
    "size": "55G",
    "weightProduct": false,
    "vat": 12,
    "content": "MJÖLK/MELKE/MÆLKEPROTEIN, sötningsmedel/søtstoffer (maltitol), fuktighetsbevarande medel (glycerol), SMÖR/SMØRFETT, kollagenpeptider (från nöt/biff/okse), kakaosmör(8,2%), kakaomassa (6,6%), vatten, kex- och chokladkexbitar (4,7%)(sötningsmedel/søtstoffer (maltitol, erytitrol, isomalt), potatisstärkelse, majsmjöl, SMÖR/SMØR, rismjöl, modifierad potatisstärkelse, fettreducerat kakaopulver, tapiokastärkelse, SMÖR/SMØRFETT, oligofruktos, salt, aromer, bourbon vaniljextrakt, bakpulver (natriumkarbonater)), HELMJÖLK/MELK/MÆLKSPULVER, sojaproteincrisp med kakao (1,7%) (SOJA/SOYAPROTEIN-ISOLAT, tapiokastärkelse, fettreducerat kakaopulver), solrosolja/ solsikkeolje, inulin, fettreducerad kakao (0,4%), aromer, salt, emulgeringsmedel/emulgator (SOJA/SOYALECITIN), sötningsmedel/søtstoffer (aspartam, acesulfam K). Innehåller en källa/kilde till fenylalanin/Indeholder en phenylalaninkilde. Innehåller naturligt förekommande socker/Med et naturlig innhold av sukker. Kan innehålla spår/spor av ÄGG/EGG/ÆG, MANDEL, CASHEWNÖTTER/NØTTER/NØDDER, HASSELNÖTTER/NØTTER/NØDDER och VETE/HVETE/HVEDE. Innehåller/holder polyoler.",
    "nutrition": "Näringsvärde per 100 Gram\nenergi 1816 Kilojoule\nenergi 436 Kilokalori\nfett 24 Gram\nvarav mättat fett 14 Gram\nkolhydrat 31 Gram\nvarav sockerarter 2.1 Gram\nsockeralkoholer 25 Gram\nprotein 33 Gram\nsalt 0.33 Gram",
    "durability": null,
    "recycling": null,
    "detail": "ProPud Protein Bar Chocolate n' Biscuit - en proteinbar med choklad- och kexsmak, strösslad med kexbitar samt överdrag av mjölkchoklad. Utan tillsatt socker och 18 gram protein per bar. Utan palmolja.\n\nFörvaras torrt i rumstemperatur.",
    "storage": "Förvaras torrt i rumstemperatur.",
    "combinedNameWithBrand": "Chocolate´n Biscuit Proteinbar Propud",
    "averageProductLife": 0,
    "minimumDaysBeforeExpire": 31,
    "averageUnitWeight": 56,
    "weight": 56,
    "isMixable": false,
    "idRequired": 0,
    "tagNames": [],
    "featured": false,
    "campaignRank": 2147483647,
    "availableQuantities": [
      {
        "quantity": 19,
        "quantityKey": "dw-14478"
      },
      {
        "quantity": 19,
        "quantityKey": "dw-14444"
      },
      {
        "quantity": 19,
        "quantityKey": "dw-14414"
      },
      {
        "quantity": 19,
        "quantityKey": "dw-14466"
      },
      {
        "quantity": 19,
        "quantityKey": "dw-14390"
      },
      {
        "quantity": 19,
        "quantityKey": "dw-14442"
      },
      {
        "quantity": 19,
        "quantityKey": "dw-14450"
      },
      {
        "quantity": 19,
        "quantityKey": "dw-14460"
      },
      {
        "quantity": 19,
        "quantityKey": "dw-14452"
      },
      {
        "quantity": 19,
        "quantityKey": "dw-14426"
      },
      {
        "quantity": 19,
        "quantityKey": "dw-14408"
      },
      {
        "quantity": 19,
        "quantityKey": "dw-14398"
      },
      {
        "quantity": 19,
        "quantityKey": "dw-14416"
      },
      {
        "quantity": 19,
        "quantityKey": "dw-14422"
      },
      {
        "quantity": 19,
        "quantityKey": "dw-14400"
      },
      {
        "quantity": 19,
        "quantityKey": "dw-14480"
      },
      {
        "quantity": 19,
        "quantityKey": "dw-14458"
      },
      {
        "quantity": 19,
        "quantityKey": "default"
      },
      {
        "quantity": 19,
        "quantityKey": "dw-14428"
      },
      {
        "quantity": 19,
        "quantityKey": "dw-14474"
      },
      {
        "quantity": 19,
        "quantityKey": "dw-14436"
      },
      {
        "quantity": 19,
        "quantityKey": "dw-14392"
      },
      {
        "quantity": 19,
        "quantityKey": "dw-14406"
      },
      {
        "quantity": 19,
        "quantityKey": "dw-14434"
      },
      {
        "quantity": 19,
        "quantityKey": "dw-14468"
      }
    ],
    "emission": 0,
    "allergies": [
      {
        "id": 1,
        "infoSource": null,
        "level": {
          "enumType": "se.mat.mycroft.enums.AllergyLevel",
          "name": "TRACES"
        },
        "substanceName": "Gluten"
      },
      {
        "id": 7,
        "infoSource": null,
        "level": {
          "enumType": "se.mat.mycroft.enums.AllergyLevel",
          "name": "CONTAINS"
        },
        "substanceName": "Mjölk"
      },
      {
        "id": 6,
        "infoSource": null,
        "level": {
          "enumType": "se.mat.mycroft.enums.AllergyLevel",
          "name": "CONTAINS"
        },
        "substanceName": "Sojabönor"
      },
      {
        "id": 10,
        "infoSource": null,
        "level": {
          "enumType": "se.mat.mycroft.enums.AllergyLevel",
          "name": "TRACES"
        },
        "substanceName": "Nötter"
      },
      {
        "id": 3,
        "infoSource": null,
        "level": {
          "enumType": "se.mat.mycroft.enums.AllergyLevel",
          "name": "TRACES"
        },
        "substanceName": "Ägg"
      }
    ],
    "warehouseProductMappingId": null,
    "productRelationship": {
      "canBeReplacedWithProductIds": [],
      "canBeSubstitutedWithProductIds": [],
      "sameContentProductIds": []
    },
    "soldCount": 20,
    "variety": "",
    "isAgreeWithPersonalTerms": null,
    "hasDeclinedPersonalAgreement": null,
    "probability": null,
    "productCountries": [],
    "productVarieties": [],
    "productBanner": null,
    "isShowOnTopProduct": false,
    "primaryCategoryNamePath": "Mat.se Göteborg/Apoteksvaror/Vitaminer, Hälso- & Kosttillskott/Bars"
  },
  {
    "id": 134476,
    "dateCreated": "Tue Apr 05 14:02:56 CEST 2022",
    "name": "Vegan Protein Chocolate",
    "showPrice": "150  kr",
    "friendlyUrl": "vegan-protein-chocolate-star-nutrition-500g",
    "formattedName": "Vegan Protein Chocolate",
    "ean": "7340028822448",
    "countryOfOrigin": null,
    "translatedCountryName": "",
    "labelTags": [],
    "hasImage": true,
    "imageUrl": "https://d1hr6nb56yyl1.cloudfront.net/product-images/134476-150.jpg",
    "brand": {
      "id": 7641,
      "name": "Star Nutrition"
    },
    "categories": [
      {
        "id": 11476,
        "name": "Proteinpulver"
      },
      {
        "id": 9230,
        "name": "Proteintillskott"
      }
    ],
    "displayBrand": "Star Nutrition",
    "favouriteCount": 5,
    "active": true,
    "inStockQuantity": 6,
    "orderable": true,
    "price": 150,
    "priceWithoutVat": 133.9285714286,
    "recommendedRetailPrice": null,
    "readableComparisonPrice": "300 kr/kg",
    "discount": null,
    "discountedPrice": 0,
    "size": "500g",
    "weightProduct": false,
    "vat": 12,
    "content": "Ärtproteinisolat, fettreducerat kakaopulver, arom, salt, förtjockningsmedel (cellulosagummi), surhetsreglerande medel (citronsyra), emulgeringsmedel (solroslecitin), sötningsmedel (sukralos, acesulfam-K.)",
    "nutrition": "Näringsvärde per 100.0 gram\nEnergi 397/1662 kilokalori/kilojoule\nFett 9.7 gram\nvarav mättat fett 2.8 gram\nKolhydrat 1.7 gram\nvarav sockerarter 0.5 gram\nFiber 4.7 gram\nProtein 73 gram\nSalt 3.3 gram",
    "durability": null,
    "recycling": null,
    "detail": "Vegan Protein är ett 100% vegankompatibelt protein, beståendes av ärtproteinisolat. Det är en lättblandad och fantastiskt välsmakande produkt med ett högt proteininnehåll och ett väldigt lågt kolhydrat- och fettinnehåll. Ärtprotein är en av de vegetabiliska proteinkällor som har bäst proteinkvalitet, vilket i klarspråk innebär att den har ett för musklerna gynnsamt innehåll av viktiga aminosyror.\n\nBlanda 25 g (0,5 dl) pulver med 250 ml vatten. Använd när som helst under dagen, förslagsvis i samband med träning eller mellanmål.",
    "storage": "Förvaras torrt vid rumstemperatur.",
    "combinedNameWithBrand": "Vegan Protein Chocolate Star Nutrition",
    "averageProductLife": 0,
    "minimumDaysBeforeExpire": 31,
    "averageUnitWeight": 0,
    "weight": 530,
    "isMixable": false,
    "idRequired": 0,
    "tagNames": [],
    "featured": false,
    "campaignRank": 2147483647,
    "availableQuantities": [
      {
        "quantity": 6,
        "quantityKey": "dw-14450"
      },
      {
        "quantity": 6,
        "quantityKey": "dw-14390"
      },
      {
        "quantity": 6,
        "quantityKey": "dw-14480"
      },
      {
        "quantity": 6,
        "quantityKey": "dw-14416"
      },
      {
        "quantity": 6,
        "quantityKey": "dw-14444"
      },
      {
        "quantity": 6,
        "quantityKey": "dw-14392"
      },
      {
        "quantity": 6,
        "quantityKey": "dw-14474"
      },
      {
        "quantity": 6,
        "quantityKey": "dw-14478"
      },
      {
        "quantity": 6,
        "quantityKey": "dw-14426"
      },
      {
        "quantity": 6,
        "quantityKey": "dw-14436"
      },
      {
        "quantity": 6,
        "quantityKey": "dw-14452"
      },
      {
        "quantity": 6,
        "quantityKey": "dw-14458"
      },
      {
        "quantity": 6,
        "quantityKey": "dw-14400"
      },
      {
        "quantity": 6,
        "quantityKey": "dw-14414"
      },
      {
        "quantity": 6,
        "quantityKey": "dw-14434"
      },
      {
        "quantity": 6,
        "quantityKey": "dw-14466"
      },
      {
        "quantity": 6,
        "quantityKey": "dw-14442"
      },
      {
        "quantity": 6,
        "quantityKey": "dw-14408"
      },
      {
        "quantity": 6,
        "quantityKey": "dw-14422"
      },
      {
        "quantity": 6,
        "quantityKey": "dw-14468"
      },
      {
        "quantity": 6,
        "quantityKey": "dw-14398"
      },
      {
        "quantity": 6,
        "quantityKey": "default"
      },
      {
        "quantity": 6,
        "quantityKey": "dw-14428"
      },
      {
        "quantity": 6,
        "quantityKey": "dw-14406"
      },
      {
        "quantity": 6,
        "quantityKey": "dw-14460"
      }
    ],
    "emission": 0,
    "allergies": [],
    "warehouseProductMappingId": null,
    "productRelationship": {
      "canBeReplacedWithProductIds": [],
      "canBeSubstitutedWithProductIds": [],
      "sameContentProductIds": []
    },
    "soldCount": 19,
    "variety": "",
    "isAgreeWithPersonalTerms": null,
    "hasDeclinedPersonalAgreement": null,
    "probability": null,
    "productCountries": [],
    "productVarieties": [],
    "productBanner": null,
    "isShowOnTopProduct": false,
    "primaryCategoryNamePath": "Mat.se Göteborg/Hälsa & Träning/Proteinpulver"
  },
  {
    "id": 134474,
    "dateCreated": "Tue Apr 19 13:26:43 CEST 2022",
    "name": "Cookie proteinbar",
    "showPrice": "19,95  kr",
    "friendlyUrl": "cookie-proteinbar-nicks-50g",
    "formattedName": "Cookie Proteinbar",
    "ean": "7350104402013",
    "countryOfOrigin": null,
    "translatedCountryName": "",
    "labelTags": [],
    "hasImage": true,
    "imageUrl": "https://d1hr6nb56yyl1.cloudfront.net/product-images/134474-150.jpg",
    "brand": {
      "id": 3396,
      "name": "Nick's"
    },
    "categories": [
      {
        "id": 11474,
        "name": "Bars"
      }
    ],
    "displayBrand": "Nick's",
    "favouriteCount": 2,
    "active": true,
    "inStockQuantity": 13,
    "orderable": true,
    "price": 19.95,
    "priceWithoutVat": 17.8125,
    "recommendedRetailPrice": null,
    "readableComparisonPrice": "399 kr/kg",
    "discount": null,
    "discountedPrice": 0,
    "size": "50g",
    "weightProduct": false,
    "vat": 12,
    "content": "MJÖLK/MÆLKprotein, MJÖLK/MÆLKpulver, kollagenpeptider, fuktighetsbevarande medel (veg. glycerol), polydextros (fiber), sötningsmedel (erytritol), kakaosmör, sötningsmedel (xylitol), SOJAproteinkrisp (SOJAPROTEINISOLAT, tapiokastärkelse, salt, stabilisator (kalciumkarbonat)), löslig majsfibrer, kakaomassa, ÄGG/EGG/ÆGvita pulver, cikoriarotfibrer, SMÖR (MJÖLK/MÆLK), HAVREMJÖL, vegetabilisk olja (kokos, shea), sötningsmedel (sorbitol), kakaopulver, naturlig arom, emulgeringsmedel (solroslecitin), salt, sötningsmedel (steviolglykosider), stabilisatorer (fruktkärnmjöl, guarkärnmjöl, xantangummi), kardemumma, färgämne (sockerkulör). Kan innehålla spår av: SESAM, MANDEL, HASSELNÖT, CASHEWNÖT och JORDNÖT/PEANØT.",
    "nutrition": "Näringsvärde per 100 gram\nEnergi 1456/348 kilojoule/kilokalori\nFett 15 gram\nvarav mättat fett 9.0 gram\nKolhydrat 32 gram\nvarav sockerarter 4.5 gram\nvarav polyoler 24 gram\nFiber 14 gram\nProtein 30 gram\nSalt 0.44 gram",
    "durability": null,
    "recycling": null,
    "detail": "En proteinbar med seg karamell och 13 g protein. Laddad med prebiotiska fibrer som stimulerar tillväxten av goda tarmbakterier och ökar ditt immunförsvar. Passande för lågkolhydratskost, keto, diabetes, glutenintolerans men främst för alla som vill njuta och må bra på samma gång. 158 kcal/bar, no added sugar, no palm oil, just joy.\n\nUtan tillsatt socker",
    "storage": "Förvaras torrt & svalt: <30°C",
    "combinedNameWithBrand": "Cookie Proteinbar Nick's",
    "averageProductLife": 0,
    "minimumDaysBeforeExpire": 31,
    "averageUnitWeight": 0,
    "weight": 51,
    "isMixable": false,
    "idRequired": 0,
    "tagNames": [
      "proteinbar",
      "diet",
      "keto",
      "Glutenfri",
      "barebells",
      "cookie",
      "sockerfri",
      "cookie dough",
      "Protein",
      "Utan palmolja",
      "Kakdeg",
      "Glutenfritt",
      "sockerfria",
      "Utan tillsatt socker",
      "nyttiga proteinbars",
      "proteinbarer",
      "nyttig choklad",
      "proteinbars",
      "Choklad",
      "protein bar",
      "nicks",
      "low carb",
      "Glutenfria",
      "sockerfritt",
      "hälsokost",
      "proteinbar utan socker",
      "LCHF",
      "sockerfri proteinbar",
      "kollagen"
    ],
    "featured": false,
    "campaignRank": 2147483647,
    "availableQuantities": [
      {
        "quantity": 13,
        "quantityKey": "dw-14428"
      },
      {
        "quantity": 13,
        "quantityKey": "default"
      },
      {
        "quantity": 13,
        "quantityKey": "dw-14434"
      },
      {
        "quantity": 13,
        "quantityKey": "dw-14416"
      },
      {
        "quantity": 13,
        "quantityKey": "dw-14408"
      },
      {
        "quantity": 13,
        "quantityKey": "dw-14414"
      },
      {
        "quantity": 13,
        "quantityKey": "dw-14460"
      },
      {
        "quantity": 13,
        "quantityKey": "dw-14468"
      },
      {
        "quantity": 13,
        "quantityKey": "dw-14442"
      },
      {
        "quantity": 13,
        "quantityKey": "dw-14466"
      },
      {
        "quantity": 13,
        "quantityKey": "dw-14444"
      },
      {
        "quantity": 13,
        "quantityKey": "dw-14458"
      },
      {
        "quantity": 13,
        "quantityKey": "dw-14400"
      },
      {
        "quantity": 13,
        "quantityKey": "dw-14474"
      },
      {
        "quantity": 13,
        "quantityKey": "dw-14436"
      },
      {
        "quantity": 13,
        "quantityKey": "dw-14450"
      },
      {
        "quantity": 13,
        "quantityKey": "dw-14452"
      },
      {
        "quantity": 13,
        "quantityKey": "dw-14390"
      },
      {
        "quantity": 13,
        "quantityKey": "dw-14406"
      },
      {
        "quantity": 13,
        "quantityKey": "dw-14392"
      },
      {
        "quantity": 13,
        "quantityKey": "dw-14422"
      },
      {
        "quantity": 13,
        "quantityKey": "dw-14398"
      },
      {
        "quantity": 13,
        "quantityKey": "dw-14426"
      }
    ],
    "emission": 0,
    "allergies": [
      {
        "id": 6,
        "infoSource": null,
        "level": {
          "enumType": "se.mat.mycroft.enums.AllergyLevel",
          "name": "CONTAINS"
        },
        "substanceName": "Sojabönor"
      },
      {
        "id": 5,
        "infoSource": null,
        "level": {
          "enumType": "se.mat.mycroft.enums.AllergyLevel",
          "name": "TRACES"
        },
        "substanceName": "Jordnötter"
      },
      {
        "id": 7,
        "infoSource": null,
        "level": {
          "enumType": "se.mat.mycroft.enums.AllergyLevel",
          "name": "CONTAINS"
        },
        "substanceName": "Mjölk"
      },
      {
        "id": 3,
        "infoSource": null,
        "level": {
          "enumType": "se.mat.mycroft.enums.AllergyLevel",
          "name": "CONTAINS"
        },
        "substanceName": "Ägg"
      },
      {
        "id": 10,
        "infoSource": null,
        "level": {
          "enumType": "se.mat.mycroft.enums.AllergyLevel",
          "name": "TRACES"
        },
        "substanceName": "Nötter"
      },
      {
        "id": 13,
        "infoSource": null,
        "level": {
          "enumType": "se.mat.mycroft.enums.AllergyLevel",
          "name": "TRACES"
        },
        "substanceName": "Sesamfrön"
      }
    ],
    "warehouseProductMappingId": null,
    "productRelationship": {
      "canBeReplacedWithProductIds": [],
      "canBeSubstitutedWithProductIds": [],
      "sameContentProductIds": []
    },
    "soldCount": 30,
    "variety": "",
    "isAgreeWithPersonalTerms": null,
    "hasDeclinedPersonalAgreement": null,
    "probability": null,
    "productCountries": [],
    "productVarieties": [],
    "productBanner": null,
    "isShowOnTopProduct": false,
    "primaryCategoryNamePath": "Mat.se Göteborg/Hälsa & Träning/Bars"
  },
  {
    "id": 134460,
    "dateCreated": "Tue Apr 05 08:52:23 CEST 2022",
    "name": "Caramel Soft Choco Protein Bar",
    "showPrice": "25,50  kr",
    "friendlyUrl": "caramel-soft-choco-protein-bar-barebells-55g",
    "formattedName": "Caramel Soft Choco Protein Bar",
    "ean": "7340001804522",
    "countryOfOrigin": "EU",
    "translatedCountryName": "EU",
    "labelTags": [],
    "hasImage": true,
    "imageUrl": "https://d1hr6nb56yyl1.cloudfront.net/product-images/134460-150.jpg",
    "brand": {
      "id": 3423,
      "name": "Barebells"
    },
    "categories": [
      {
        "id": 11474,
        "name": "Bars"
      },
      {
        "id": 4336,
        "name": "Bars"
      }
    ],
    "displayBrand": "Barebells",
    "favouriteCount": 7,
    "active": true,
    "inStockQuantity": 14,
    "orderable": true,
    "price": 25.5,
    "priceWithoutVat": 22.7678571429,
    "recommendedRetailPrice": null,
    "readableComparisonPrice": "463,64 kr/kg",
    "discount": null,
    "discountedPrice": 0,
    "size": "55G",
    "weightProduct": false,
    "vat": 12,
    "content": "Ingredienser Fyllnadsmedel (polydextros), MJÖLKPROTEIN, sötningsmedel (maltitol, xylitol, sukralos), kollagenhydrolysat, fuktighetsbevarande medel (glycerol), kakaosmör, HELMJÖLKSPULVER, kakaomassa, solrosolja, fettreducerad kakao, aromer, salt, emulgeringsmedel (SOJALECITIN, lecitin). Kan innehålla spår av GLUTEN, ÄGG, JORDNÖTTER, NÖTTER och SESAMFRÖ.",
    "nutrition": "Näringsvärde per 100 Gram\nenergi 1485 Kilojoule\nenergi 357 Kilokalori\nfett 15 Gram\nvarav mättat fett 7.7 Gram\nkolhydrat 28 Gram\nvarav sockerarter 3.7 Gram\nfiber 15 Gram\nprotein 28 Gram\nsalt 0.75 Gram",
    "durability": null,
    "recycling": null,
    "detail": "Proteinbar med mjölkchokladöverdrag (30%) med smak av choklad och kola. Innehåller sötningsmedel. Innehåller naturligt förekommande socker. Utan palmolja.\n\nÖverdriven konsumtion kan ha laxerande effekt. Sorteras som plastförpackning.\n\nFörvaras i rumstemperatur.",
    "storage": "Förvaras i rumstemperatur.",
    "combinedNameWithBrand": "Caramel Soft Choco Protein Bar Barebells",
    "averageProductLife": 0,
    "minimumDaysBeforeExpire": 31,
    "averageUnitWeight": 56,
    "weight": 56,
    "isMixable": false,
    "idRequired": 0,
    "tagNames": [
      "utan",
      "UTS",
      "Sugar",
      "Socker",
      "No",
      "tillsatt",
      "proteinbar",
      "added"
    ],
    "featured": false,
    "campaignRank": 245,
    "availableQuantities": [
      {
        "quantity": 14,
        "quantityKey": "dw-14400"
      },
      {
        "quantity": 14,
        "quantityKey": "dw-14460"
      },
      {
        "quantity": 14,
        "quantityKey": "dw-14406"
      },
      {
        "quantity": 14,
        "quantityKey": "dw-14414"
      },
      {
        "quantity": 14,
        "quantityKey": "default"
      },
      {
        "quantity": 14,
        "quantityKey": "dw-14478"
      },
      {
        "quantity": 14,
        "quantityKey": "dw-14444"
      },
      {
        "quantity": 14,
        "quantityKey": "dw-14452"
      },
      {
        "quantity": 14,
        "quantityKey": "dw-14468"
      },
      {
        "quantity": 14,
        "quantityKey": "dw-14434"
      },
      {
        "quantity": 14,
        "quantityKey": "dw-14480"
      },
      {
        "quantity": 13,
        "quantityKey": "dw-14390"
      },
      {
        "quantity": 14,
        "quantityKey": "dw-14436"
      },
      {
        "quantity": 14,
        "quantityKey": "dw-14442"
      },
      {
        "quantity": 14,
        "quantityKey": "dw-14416"
      },
      {
        "quantity": 14,
        "quantityKey": "dw-14428"
      },
      {
        "quantity": 14,
        "quantityKey": "dw-14474"
      },
      {
        "quantity": 14,
        "quantityKey": "dw-14398"
      },
      {
        "quantity": 14,
        "quantityKey": "dw-14408"
      },
      {
        "quantity": 14,
        "quantityKey": "dw-14392"
      },
      {
        "quantity": 14,
        "quantityKey": "dw-14422"
      },
      {
        "quantity": 14,
        "quantityKey": "dw-14466"
      },
      {
        "quantity": 14,
        "quantityKey": "dw-14450"
      },
      {
        "quantity": 14,
        "quantityKey": "dw-14458"
      },
      {
        "quantity": 14,
        "quantityKey": "dw-14426"
      }
    ],
    "emission": 0,
    "allergies": [
      {
        "id": 10,
        "infoSource": null,
        "level": {
          "enumType": "se.mat.mycroft.enums.AllergyLevel",
          "name": "TRACES"
        },
        "substanceName": "Nötter"
      },
      {
        "id": 13,
        "infoSource": null,
        "level": {
          "enumType": "se.mat.mycroft.enums.AllergyLevel",
          "name": "TRACES"
        },
        "substanceName": "Sesamfrön"
      },
      {
        "id": 7,
        "infoSource": null,
        "level": {
          "enumType": "se.mat.mycroft.enums.AllergyLevel",
          "name": "CONTAINS"
        },
        "substanceName": "Mjölk"
      },
      {
        "id": 1,
        "infoSource": null,
        "level": {
          "enumType": "se.mat.mycroft.enums.AllergyLevel",
          "name": "TRACES"
        },
        "substanceName": "Gluten"
      },
      {
        "id": 6,
        "infoSource": null,
        "level": {
          "enumType": "se.mat.mycroft.enums.AllergyLevel",
          "name": "CONTAINS"
        },
        "substanceName": "Sojabönor"
      },
      {
        "id": 3,
        "infoSource": null,
        "level": {
          "enumType": "se.mat.mycroft.enums.AllergyLevel",
          "name": "TRACES"
        },
        "substanceName": "Ägg"
      },
      {
        "id": 5,
        "infoSource": null,
        "level": {
          "enumType": "se.mat.mycroft.enums.AllergyLevel",
          "name": "TRACES"
        },
        "substanceName": "Jordnötter"
      }
    ],
    "warehouseProductMappingId": null,
    "productRelationship": {
      "canBeReplacedWithProductIds": [],
      "canBeSubstitutedWithProductIds": [],
      "sameContentProductIds": []
    },
    "soldCount": 75,
    "variety": "",
    "isAgreeWithPersonalTerms": null,
    "hasDeclinedPersonalAgreement": null,
    "probability": null,
    "productCountries": [],
    "productVarieties": [],
    "productBanner": null,
    "isShowOnTopProduct": false,
    "primaryCategoryNamePath": "Mat.se Göteborg/Hälsa & Träning/Bars"
  },
  {
    "id": 134458,
    "dateCreated": "Tue Apr 05 14:02:21 CEST 2022",
    "name": "Whey-80 Vanilla Pear",
    "showPrice": "140  kr",
    "friendlyUrl": "whey-80-vanilla-pear-star-nutrition-500g",
    "formattedName": "Whey-80 Vanilla Pear",
    "ean": "7350049159607",
    "countryOfOrigin": "SE",
    "translatedCountryName": "Sverige",
    "labelTags": [],
    "hasImage": true,
    "imageUrl": "https://d1hr6nb56yyl1.cloudfront.net/product-images/134458-150.jpg",
    "brand": {
      "id": 7641,
      "name": "Star Nutrition"
    },
    "categories": [
      {
        "id": 9230,
        "name": "Proteintillskott"
      },
      {
        "id": 11476,
        "name": "Proteinpulver"
      }
    ],
    "displayBrand": "Star Nutrition",
    "favouriteCount": 7,
    "active": true,
    "inStockQuantity": 8,
    "orderable": true,
    "price": 140,
    "priceWithoutVat": 125,
    "recommendedRetailPrice": null,
    "readableComparisonPrice": "280 kr/kg",
    "discount": null,
    "discountedPrice": 0,
    "size": "500g",
    "weightProduct": false,
    "vat": 12,
    "content": "VASSLEPROTEINKONCENTRAT (MJÖLK) (innehåller emulgeringsmedel (SOJALECITIN)), arom, sötningsmedel (aspartam)*. * Innehåller en källa till fenylalanin",
    "nutrition": "Näringsvärde per 100 gram\nEnergi 1640/392 kilojoule/kilokalori\nFett 8 gram\nvarav mättat fett 6 gram\nKolhydrat 4 gram\nvarav sockerarter 3 gram\nFiber 0.2 gram\nProtein 76 gram\nSalt 0.5 gram",
    "durability": null,
    "recycling": null,
    "detail": "Star Nutritions Whey-80® - komplett proteintillskott för dig som idrottar och vill ha bästa möjliga resultat av din träning! Sveriges populäraste protein!\n\n \n\nWhey-80® från Star Nutrition är ett högvärdigt proteintillskott med god smak och löslighet. Produkten består av 100% ultrafiltrerat och instantiserat vassleproteinkoncentrat och är det ultimata tillskottet för dig som idrottar.  Whey-80® påskyndar muskeluppbyggnad och återhämtning och ger snabbt märkbara resultat!\n\n0,75-1 dl pulver blandas med 2,3 dl vatten eller mjölk i en shaker. För maximalt resultat ta tre portioner av Whey-80® dagligen.",
    "storage": "Rumstemperatur",
    "combinedNameWithBrand": "Whey-80 Vanilla Pear Star Nutrition",
    "averageProductLife": 0,
    "minimumDaysBeforeExpire": 31,
    "averageUnitWeight": 0,
    "weight": 530,
    "isMixable": false,
    "idRequired": 0,
    "tagNames": [],
    "featured": false,
    "campaignRank": 2147483647,
    "availableQuantities": [
      {
        "quantity": 8,
        "quantityKey": "dw-14460"
      },
      {
        "quantity": 8,
        "quantityKey": "dw-14390"
      },
      {
        "quantity": 8,
        "quantityKey": "dw-14444"
      },
      {
        "quantity": 8,
        "quantityKey": "dw-14414"
      },
      {
        "quantity": 8,
        "quantityKey": "dw-14426"
      },
      {
        "quantity": 8,
        "quantityKey": "dw-14428"
      },
      {
        "quantity": 8,
        "quantityKey": "dw-14434"
      },
      {
        "quantity": 8,
        "quantityKey": "dw-14452"
      },
      {
        "quantity": 8,
        "quantityKey": "default"
      },
      {
        "quantity": 8,
        "quantityKey": "dw-14468"
      },
      {
        "quantity": 8,
        "quantityKey": "dw-14408"
      },
      {
        "quantity": 8,
        "quantityKey": "dw-14392"
      },
      {
        "quantity": 8,
        "quantityKey": "dw-14474"
      },
      {
        "quantity": 8,
        "quantityKey": "dw-14398"
      },
      {
        "quantity": 8,
        "quantityKey": "dw-14400"
      },
      {
        "quantity": 8,
        "quantityKey": "dw-14436"
      },
      {
        "quantity": 8,
        "quantityKey": "dw-14450"
      },
      {
        "quantity": 8,
        "quantityKey": "dw-14442"
      },
      {
        "quantity": 8,
        "quantityKey": "dw-14458"
      },
      {
        "quantity": 8,
        "quantityKey": "dw-14466"
      },
      {
        "quantity": 8,
        "quantityKey": "dw-14422"
      },
      {
        "quantity": 8,
        "quantityKey": "dw-14406"
      },
      {
        "quantity": 8,
        "quantityKey": "dw-14416"
      }
    ],
    "emission": 0,
    "allergies": [
      {
        "id": 6,
        "infoSource": null,
        "level": {
          "enumType": "se.mat.mycroft.enums.AllergyLevel",
          "name": "CONTAINS"
        },
        "substanceName": "Sojabönor"
      },
      {
        "id": 7,
        "infoSource": null,
        "level": {
          "enumType": "se.mat.mycroft.enums.AllergyLevel",
          "name": "CONTAINS"
        },
        "substanceName": "Mjölk"
      }
    ],
    "warehouseProductMappingId": null,
    "productRelationship": {
      "canBeReplacedWithProductIds": [],
      "canBeSubstitutedWithProductIds": [],
      "sameContentProductIds": []
    },
    "soldCount": 24,
    "variety": "",
    "isAgreeWithPersonalTerms": null,
    "hasDeclinedPersonalAgreement": null,
    "probability": null,
    "productCountries": [],
    "productVarieties": [],
    "productBanner": null,
    "isShowOnTopProduct": false,
    "primaryCategoryNamePath": "Mat.se Göteborg/Apoteksvaror/Vitaminer, Hälso- & Kosttillskott/Proteintillskott"
  },
  {
    "id": 134454,
    "dateCreated": "Tue Apr 05 14:01:00 CEST 2022",
    "name": "Nut bar almond crunch",
    "showPrice": "16,50  kr",
    "friendlyUrl": "nut-bar-almond-crunch-nicks-40g",
    "formattedName": "Nut Bar Almond Crunch",
    "ean": "7350104401115",
    "countryOfOrigin": null,
    "translatedCountryName": "",
    "labelTags": [],
    "hasImage": true,
    "imageUrl": "https://d1hr6nb56yyl1.cloudfront.net/product-images/134454-150.jpg",
    "brand": {
      "id": 3396,
      "name": "Nick's"
    },
    "categories": [
      {
        "id": 11474,
        "name": "Bars"
      },
      {
        "id": 4336,
        "name": "Bars"
      }
    ],
    "displayBrand": "Nick's",
    "favouriteCount": 13,
    "active": true,
    "inStockQuantity": 18,
    "orderable": true,
    "price": 16.5,
    "priceWithoutVat": 14.7321428571,
    "recommendedRetailPrice": null,
    "readableComparisonPrice": "412,50 kr/kg",
    "discount": null,
    "discountedPrice": 0,
    "size": "40g",
    "weightProduct": false,
    "vat": 12,
    "content": "MANDLAR (41%), polydextros (fiber), kakaosmör, cikoriarotfiber, sötningsmedel (erytritol), kakaomassa, sötningsmedel (xylitol), fuktighetsbevarande medel (veg. glycerol), löslig majsfiber, SOJAKRISP (SOJAPROTEINISOLAT, tapiokastärkelse, salt, stabiliseringsmedel: kalciumkarbonat), salt, emulgeringsmedel (solroslecitin), naturlig arom, sötningsmedel (steviolglykosider). Kan innehålla spår av: JORDNÖTTER/PEANØTTER, SESAM och ANDRA NÖTTER.",
    "nutrition": "Näringsvärde per 100 gram\nEnergi 1808/432 kilojoule/kilokalori\nFett 33.1 gram\nvarav mättat fett 8.6 gram\nKolhydrat 21.5 gram\nvarav sockerarter 3.1 gram\nvarav polyoler 14.4 gram\nFiber 25.4 gram\nProtein 11.9 gram\nSalt 0.39 gram",
    "durability": null,
    "recycling": null,
    "detail": "En crunchy mandelbar med ett chokladlager och crisp i samma tugga. Totally vegan. Passande för lågkolhydratskost, keto, diabetes, glutenintolerans men främst för alla som vill njuta och må bra på samma gång. No added sugar. Just joy.\n\nUtan tillsatt socker",
    "storage": "Förvaras <30°C",
    "combinedNameWithBrand": "Nut Bar Almond Crunch Nick's",
    "averageProductLife": 0,
    "minimumDaysBeforeExpire": 31,
    "averageUnitWeight": 0,
    "weight": 41,
    "isMixable": false,
    "idRequired": 0,
    "tagNames": [
      "müslibar",
      "Snackbar",
      "Choklad",
      "Utan tillsatt socker",
      "sockerfri choklad",
      "godis för diabetiker",
      "nicks",
      "snacks",
      "Utan palmolja",
      "mellanmål",
      "kind",
      "nut bars",
      "diabetiker",
      "sockerfria",
      "eat natural",
      "chokladbars",
      "mjölkchoklad",
      "nötbars",
      "nutbar",
      "hälsokost",
      "mellanmålsbar",
      "vegan",
      "keto",
      "chokladbit",
      "veganskt",
      "mandelbar",
      "nyttiga snacks",
      "Kalorisnål",
      "Glutenfri",
      "low carb",
      "bekind",
      "choklad utan socker",
      "kind bar",
      "Glutenfria",
      "corney",
      "sockerfritt",
      "Glutenfritt",
      "mörk choklad",
      "jördnötter",
      "choklad godis",
      "sockerfri",
      "jordnötsbar",
      "diet",
      "bars",
      "chokladstycksak",
      "LCHF",
      "nyttig choklad",
      "vegansk",
      "chokladgodis",
      "godis",
      "Nötter"
    ],
    "featured": false,
    "campaignRank": 2147483647,
    "availableQuantities": [
      {
        "quantity": 18,
        "quantityKey": "dw-14426"
      },
      {
        "quantity": 18,
        "quantityKey": "dw-14398"
      },
      {
        "quantity": 18,
        "quantityKey": "dw-14452"
      },
      {
        "quantity": 18,
        "quantityKey": "dw-14422"
      },
      {
        "quantity": 18,
        "quantityKey": "dw-14460"
      },
      {
        "quantity": 18,
        "quantityKey": "default"
      },
      {
        "quantity": 18,
        "quantityKey": "dw-14458"
      },
      {
        "quantity": 18,
        "quantityKey": "dw-14414"
      },
      {
        "quantity": 18,
        "quantityKey": "dw-14436"
      },
      {
        "quantity": 18,
        "quantityKey": "dw-14428"
      },
      {
        "quantity": 18,
        "quantityKey": "dw-14406"
      },
      {
        "quantity": 18,
        "quantityKey": "dw-14400"
      },
      {
        "quantity": 18,
        "quantityKey": "dw-14408"
      },
      {
        "quantity": 18,
        "quantityKey": "dw-14434"
      },
      {
        "quantity": 18,
        "quantityKey": "dw-14392"
      },
      {
        "quantity": 18,
        "quantityKey": "dw-14466"
      },
      {
        "quantity": 18,
        "quantityKey": "dw-14416"
      },
      {
        "quantity": 18,
        "quantityKey": "dw-14474"
      },
      {
        "quantity": 18,
        "quantityKey": "dw-14442"
      },
      {
        "quantity": 7,
        "quantityKey": "dw-14390"
      },
      {
        "quantity": 18,
        "quantityKey": "dw-14468"
      },
      {
        "quantity": 18,
        "quantityKey": "dw-14444"
      },
      {
        "quantity": 18,
        "quantityKey": "dw-14450"
      }
    ],
    "emission": 0,
    "allergies": [
      {
        "id": 6,
        "infoSource": null,
        "level": {
          "enumType": "se.mat.mycroft.enums.AllergyLevel",
          "name": "CONTAINS"
        },
        "substanceName": "Sojabönor"
      },
      {
        "id": 10,
        "infoSource": null,
        "level": {
          "enumType": "se.mat.mycroft.enums.AllergyLevel",
          "name": "CONTAINS"
        },
        "substanceName": "Nötter"
      },
      {
        "id": 5,
        "infoSource": null,
        "level": {
          "enumType": "se.mat.mycroft.enums.AllergyLevel",
          "name": "TRACES"
        },
        "substanceName": "Jordnötter"
      },
      {
        "id": 13,
        "infoSource": null,
        "level": {
          "enumType": "se.mat.mycroft.enums.AllergyLevel",
          "name": "TRACES"
        },
        "substanceName": "Sesamfrön"
      }
    ],
    "warehouseProductMappingId": null,
    "productRelationship": {
      "canBeReplacedWithProductIds": [],
      "canBeSubstitutedWithProductIds": [],
      "sameContentProductIds": []
    },
    "soldCount": 47,
    "variety": "",
    "isAgreeWithPersonalTerms": null,
    "hasDeclinedPersonalAgreement": null,
    "probability": null,
    "productCountries": [],
    "productVarieties": [],
    "productBanner": null,
    "isShowOnTopProduct": false,
    "primaryCategoryNamePath": "Mat.se Göteborg/Hälsa & Träning/Bars"
  },
  {
    "id": 134248,
    "dateCreated": "Tue Apr 05 09:20:58 CEST 2022",
    "name": "Peanut Dark Choco",
    "showPrice": "19,95  kr",
    "friendlyUrl": "peanut-dark-choco-be-kind-40g",
    "formattedName": "Peanut Dark Choco",
    "ean": "5000159528368",
    "countryOfOrigin": "GB",
    "translatedCountryName": "Storbritannien",
    "labelTags": [
      {
        "id": 14,
        "name": "Särnär fri från gluten",
        "tag": "fri_gluten"
      }
    ],
    "hasImage": true,
    "imageUrl": "https://d1hr6nb56yyl1.cloudfront.net/product-images/134248-150.jpg",
    "brand": {
      "id": 5308,
      "name": "BE-KIND"
    },
    "categories": [
      {
        "id": 11474,
        "name": "Bars"
      }
    ],
    "displayBrand": "BE-KIND",
    "favouriteCount": 3,
    "active": true,
    "inStockQuantity": 12,
    "orderable": true,
    "price": 19.95,
    "priceWithoutVat": 17.8125,
    "recommendedRetailPrice": null,
    "readableComparisonPrice": "498,75 kr/kg",
    "discount": null,
    "discountedPrice": 0,
    "size": "40g",
    "weightProduct": false,
    "vat": 12,
    "content": "JORDNÖTTER, mörk chokladöverdrag (socker, palmkärnolja, kakaopulver, emulgeringsmedel (SOJALECITIN), naturligt aromämne, salt), glukossirap, MANDLAR, honung, SOJAPRETEINisolat, JORDNÖTSSMÖR (JORDNÖTTER, salt), kakaomassa, tapiokastärkelse, cikoriarotfiber, emulgeringsmedel (SOJALECITIN), socker, kakaosmör, havssalt, naturligt aromämne. (Kan innehålla: MJÖLK, SESAMFRÖN och andra NÖTTER).",
    "nutrition": "Näringsvärde per 100 gram\nEnergi 2175/520 kilojoule/kilokalori\nFett 31 gram\nvarav mättat fett 7.5 gram\nKolhydrat 35 gram\nvarav sockerarter 23 gram\nFiber 6 gram\nProtein 20 gram\nSalt 0.22 gram",
    "durability": null,
    "recycling": null,
    "detail": null,
    "storage": "Förvaras svalt och torrt",
    "combinedNameWithBrand": "Peanut Dark Choco Be-kind",
    "averageProductLife": 0,
    "minimumDaysBeforeExpire": 31,
    "averageUnitWeight": 0,
    "weight": 41,
    "isMixable": false,
    "idRequired": 0,
    "tagNames": [],
    "featured": false,
    "campaignRank": 2147483647,
    "availableQuantities": [
      {
        "quantity": 12,
        "quantityKey": "dw-14406"
      },
      {
        "quantity": 12,
        "quantityKey": "dw-14452"
      },
      {
        "quantity": 12,
        "quantityKey": "dw-14408"
      },
      {
        "quantity": 12,
        "quantityKey": "dw-14392"
      },
      {
        "quantity": 12,
        "quantityKey": "dw-14450"
      },
      {
        "quantity": 12,
        "quantityKey": "dw-14458"
      },
      {
        "quantity": 12,
        "quantityKey": "dw-14460"
      },
      {
        "quantity": 12,
        "quantityKey": "default"
      },
      {
        "quantity": 12,
        "quantityKey": "dw-14444"
      },
      {
        "quantity": 12,
        "quantityKey": "dw-14390"
      },
      {
        "quantity": 12,
        "quantityKey": "dw-14426"
      },
      {
        "quantity": 12,
        "quantityKey": "dw-14400"
      },
      {
        "quantity": 12,
        "quantityKey": "dw-14466"
      },
      {
        "quantity": 12,
        "quantityKey": "dw-14474"
      },
      {
        "quantity": 12,
        "quantityKey": "dw-14422"
      },
      {
        "quantity": 12,
        "quantityKey": "dw-14414"
      },
      {
        "quantity": 12,
        "quantityKey": "dw-14416"
      },
      {
        "quantity": 12,
        "quantityKey": "dw-14442"
      },
      {
        "quantity": 12,
        "quantityKey": "dw-14428"
      },
      {
        "quantity": 12,
        "quantityKey": "dw-14398"
      },
      {
        "quantity": 12,
        "quantityKey": "dw-14468"
      },
      {
        "quantity": 12,
        "quantityKey": "dw-14434"
      },
      {
        "quantity": 12,
        "quantityKey": "dw-14436"
      }
    ],
    "emission": 0,
    "allergies": [
      {
        "id": 5,
        "infoSource": null,
        "level": {
          "enumType": "se.mat.mycroft.enums.AllergyLevel",
          "name": "CONTAINS"
        },
        "substanceName": "Jordnötter"
      },
      {
        "id": 10,
        "infoSource": null,
        "level": {
          "enumType": "se.mat.mycroft.enums.AllergyLevel",
          "name": "CONTAINS"
        },
        "substanceName": "Nötter"
      },
      {
        "id": 6,
        "infoSource": null,
        "level": {
          "enumType": "se.mat.mycroft.enums.AllergyLevel",
          "name": "CONTAINS"
        },
        "substanceName": "Sojabönor"
      },
      {
        "id": 18,
        "infoSource": null,
        "level": {
          "enumType": "se.mat.mycroft.enums.AllergyLevel",
          "name": "CONTAINS"
        },
        "substanceName": "Mandel"
      },
      {
        "id": 13,
        "infoSource": null,
        "level": {
          "enumType": "se.mat.mycroft.enums.AllergyLevel",
          "name": "TRACES"
        },
        "substanceName": "Sesamfrön"
      },
      {
        "id": 7,
        "infoSource": null,
        "level": {
          "enumType": "se.mat.mycroft.enums.AllergyLevel",
          "name": "TRACES"
        },
        "substanceName": "Mjölk"
      }
    ],
    "warehouseProductMappingId": null,
    "productRelationship": {
      "canBeReplacedWithProductIds": [],
      "canBeSubstitutedWithProductIds": [],
      "sameContentProductIds": []
    },
    "soldCount": 16,
    "variety": "",
    "isAgreeWithPersonalTerms": null,
    "hasDeclinedPersonalAgreement": null,
    "probability": null,
    "productCountries": [],
    "productVarieties": [],
    "productBanner": null,
    "isShowOnTopProduct": false,
    "primaryCategoryNamePath": "Mat.se Göteborg/Hälsa & Träning/Bars"
  },
  {
    "id": 132640,
    "dateCreated": "Mon Feb 14 08:48:07 CET 2022",
    "name": "Crunchy caramel",
    "showPrice": "11,95  kr",
    "friendlyUrl": "crunchy-caramel-nicks-28g",
    "formattedName": "Crunchy Caramel",
    "ean": "7350104401108",
    "countryOfOrigin": "MK",
    "translatedCountryName": "Makedonien",
    "labelTags": [],
    "hasImage": true,
    "imageUrl": "https://d1hr6nb56yyl1.cloudfront.net/product-images/132640-150.jpg",
    "brand": {
      "id": 4667,
      "name": "nicks"
    },
    "categories": [
      {
        "id": 11474,
        "name": "Bars"
      },
      {
        "id": 4336,
        "name": "Bars"
      }
    ],
    "displayBrand": "nicks",
    "favouriteCount": 20,
    "active": true,
    "inStockQuantity": 27,
    "orderable": true,
    "price": 11.95,
    "priceWithoutVat": 10.6696428571,
    "recommendedRetailPrice": null,
    "readableComparisonPrice": "426,79 kr/kg",
    "discount": null,
    "discountedPrice": 0,
    "size": "28g",
    "weightProduct": false,
    "vat": 12,
    "content": "Sötningsmedel: erytritol, polydextros (fiber), sötningsmedel: isomalt, MJÖLKPULVER, kakaosmör, SMÖR (MJÖLK/MÆLK), vegetabilisk olja (kokos, shea), kakaomassa, cikoriarotfiber, MANDEL, löslig majsfiber, emulgeringsmedel: solros/solsikkelecitin, naturlig arom, salt, sötningsmedel: steviolglykosider. Kan innehålla spår av SOJA, SESAM, JORDNÖTTER/PEANØTTER/JORDNØDDER, NÖTTER/NØTTER/NØDDER och ÄGG/EGG/ÆG.",
    "nutrition": "Näringsvärde per 100 gram\nEnergi 1321/316 kilojoule/kilokalori\nFett 24.6 gram\nvarav mättat fett 14.4 gram\nKolhydrat 43.6 gram\nvarav sockerarter 5.6 gram\nvarav polyoler 37.3 gram\nFiber 21.6 gram\nProtein 4.2 gram\nSalt 0.54 gram",
    "durability": null,
    "recycling": null,
    "detail": "Knäckig mandelkrokant doppad i mjölkchoklad. Passande för lågkolhydratskost, keto, diabetes, glutenintolerans men främst för alla som vill njuta och må bra på samma gång. No added sugar, no palm oil, no gluten, just joy.\n\nUtan tillsatt socker",
    "storage": "Förvaras torrt & svalt: <30°C",
    "combinedNameWithBrand": "Crunchy Caramel Nicks",
    "averageProductLife": 0,
    "minimumDaysBeforeExpire": 31,
    "averageUnitWeight": 0,
    "weight": 30,
    "isMixable": false,
    "idRequired": 0,
    "tagNames": [],
    "featured": false,
    "campaignRank": 252,
    "availableQuantities": [
      {
        "quantity": 27,
        "quantityKey": "dw-14452"
      },
      {
        "quantity": 27,
        "quantityKey": "default"
      },
      {
        "quantity": 27,
        "quantityKey": "dw-14422"
      },
      {
        "quantity": 27,
        "quantityKey": "dw-14458"
      },
      {
        "quantity": 27,
        "quantityKey": "dw-14474"
      },
      {
        "quantity": 27,
        "quantityKey": "dw-14444"
      },
      {
        "quantity": 27,
        "quantityKey": "dw-14392"
      },
      {
        "quantity": 27,
        "quantityKey": "dw-14406"
      },
      {
        "quantity": 27,
        "quantityKey": "dw-14460"
      },
      {
        "quantity": 27,
        "quantityKey": "dw-14468"
      },
      {
        "quantity": 27,
        "quantityKey": "dw-14414"
      },
      {
        "quantity": 27,
        "quantityKey": "dw-14416"
      },
      {
        "quantity": 27,
        "quantityKey": "dw-14450"
      },
      {
        "quantity": 27,
        "quantityKey": "dw-14390"
      },
      {
        "quantity": 27,
        "quantityKey": "dw-14434"
      },
      {
        "quantity": 27,
        "quantityKey": "dw-14436"
      },
      {
        "quantity": 27,
        "quantityKey": "dw-14398"
      },
      {
        "quantity": 27,
        "quantityKey": "dw-14408"
      },
      {
        "quantity": 27,
        "quantityKey": "dw-14442"
      },
      {
        "quantity": 27,
        "quantityKey": "dw-14400"
      },
      {
        "quantity": 27,
        "quantityKey": "dw-14428"
      },
      {
        "quantity": 27,
        "quantityKey": "dw-14466"
      },
      {
        "quantity": 27,
        "quantityKey": "dw-14426"
      }
    ],
    "emission": 0,
    "allergies": [
      {
        "id": 7,
        "infoSource": null,
        "level": {
          "enumType": "se.mat.mycroft.enums.AllergyLevel",
          "name": "CONTAINS"
        },
        "substanceName": "Mjölk"
      },
      {
        "id": 6,
        "infoSource": null,
        "level": {
          "enumType": "se.mat.mycroft.enums.AllergyLevel",
          "name": "TRACES"
        },
        "substanceName": "Sojabönor"
      },
      {
        "id": 10,
        "infoSource": null,
        "level": {
          "enumType": "se.mat.mycroft.enums.AllergyLevel",
          "name": "CONTAINS"
        },
        "substanceName": "Nötter"
      },
      {
        "id": 3,
        "infoSource": null,
        "level": {
          "enumType": "se.mat.mycroft.enums.AllergyLevel",
          "name": "TRACES"
        },
        "substanceName": "Ägg"
      },
      {
        "id": 5,
        "infoSource": null,
        "level": {
          "enumType": "se.mat.mycroft.enums.AllergyLevel",
          "name": "TRACES"
        },
        "substanceName": "Jordnötter"
      },
      {
        "id": 13,
        "infoSource": null,
        "level": {
          "enumType": "se.mat.mycroft.enums.AllergyLevel",
          "name": "TRACES"
        },
        "substanceName": "Sesamfrön"
      }
    ],
    "warehouseProductMappingId": null,
    "productRelationship": {
      "canBeReplacedWithProductIds": [],
      "canBeSubstitutedWithProductIds": [],
      "sameContentProductIds": []
    },
    "soldCount": 75,
    "variety": "",
    "isAgreeWithPersonalTerms": null,
    "hasDeclinedPersonalAgreement": null,
    "probability": null,
    "productCountries": [],
    "productVarieties": [],
    "productBanner": null,
    "isShowOnTopProduct": false,
    "primaryCategoryNamePath": "Mat.se Göteborg/Hälsa & Träning/Bars"
  }
]
[
  {
    "id": 93247,
    "dateCreated": "Fri Oct 13 15:26:17 CEST 2017",
    "name": "Swebar Salty Peanut & Caramel Proteinbar",
    "showPrice": "20,50  kr",
    "friendlyUrl": "swebar-salty-peanut-caramel-dalblads-50-g",
    "formattedName": "Swebar Salty Peanut & Caramel Proteinbar",
    "ean": "7350028545339",
    "countryOfOrigin": "EU",
    "translatedCountryName": "EU",
    "labelTags": [],
    "hasImage": true,
    "imageUrl": "https://d1hr6nb56yyl1.cloudfront.net/product-images/93247-150.jpg",
    "brand": {
      "id": 1319,
      "name": "DALBLADS"
    },
    "categories": [
      {
        "id": 4336,
        "name": "Bars"
      },
      {
        "id": 11474,
        "name": "Bars"
      }
    ],
    "displayBrand": "DALBLADS",
    "favouriteCount": 235,
    "active": true,
    "inStockQuantity": 30,
    "orderable": true,
    "price": 20.5,
    "priceWithoutVat": 18.3035714286,
    "recommendedRetailPrice": null,
    "readableComparisonPrice": "410 kr/kg",
    "discount": null,
    "discountedPrice": 0,
    "size": "50G",
    "weightProduct": false,
    "vat": 12,
    "content": "Proteinblandning (MJÖLKPROTEIN/MELKEPROTEIN, kollagenhydrolysat, vassleproteinkoncentrat/myseproteinkonsentrat (från MJÖLK/MELK), ÄGGVITEPROTEIN/EGGEHVITEPROTEIN), MJÖLKCHOKLAD/MELKESJOKOLADE (socker/sukker, HELMJÖLKSPULVER/MELKEPULVER AV HELMELK, kakaosmör, kakaomassa, emulgeringsmedel (SOJALECITIN/SOYALECITIN), vaniljextrakt), JORDNÖTTER/PEANØTTER (12%), karamellpasta (12%) (glukossirap, socker/sukker, KONDENSERAD MJÖLK/MELK, invertsockersirap, kakaosmör, vatten/vann, fuktighetsbevarande medel (sorbitol), emulgeringsmedel (mono- och diglycerider av fettsyror), salt), fruktossirap, fuktighetsbevarande medel (glycerol), vatten/vann, JORDNÖTSSMÖR/PEANØTTSMØR (2,4%), glukossirap, dextros, salt, arom, solrosolja/solsikkeolje, kakaopulver, färgämne/fargestoff (sockerkulör/sukkerkulør). Kan innehålla spår/spor av GLUTEN, MANDEL, HASSELNÖT, VALNÖT, CASHEWNÖT, PEKANNÖT, PARANÖT, PISTAGENÖT, MACADAMIANÖT.",
    "nutrition": "Näringsvärde per 50 Gram\nenergi 900 Kilojoule\nenergi 210 Kilokalori\nfett 8.3 Gram\nvarav mättat fett 3.4 Gram\nkolhydrat 17 Gram\nvarav sockerarter 13 Gram\nprotein 17 Gram\nsalt 0.3 Gram",
    "durability": null,
    "recycling": null,
    "detail": "Swebar Original Salty Peanut & Caramel har ett lager av jordnötsbitar och är för dig som älskar kombinationen av jordnötter och kola. Med sitt höga proteininnehåll passar den perfekt som återhämtning och belöning efter ett hårt träningspass. Proteinet absorberas snabbt av kroppen och når musklerna omedelbart, vilket är extra bra för dess reparation och uppbyggnad. Med en Swebar efter ett träningspass är du snabbt återhämtad och redo för nästa.",
    "storage": "Förvaras vid högst 25 °C",
    "combinedNameWithBrand": "Swebar Salty Peanut & Caramel Proteinbar Dalblads",
    "averageProductLife": 0,
    "minimumDaysBeforeExpire": 31,
    "averageUnitWeight": 51,
    "weight": 51,
    "isMixable": false,
    "idRequired": 0,
    "tagNames": [],
    "featured": false,
    "campaignRank": 245,
    "availableQuantities": [
      {
        "quantity": 30,
        "quantityKey": "dw-14408"
      },
      {
        "quantity": 30,
        "quantityKey": "dw-14416"
      },
      {
        "quantity": 30,
        "quantityKey": "dw-14426"
      },
      {
        "quantity": 30,
        "quantityKey": "dw-14458"
      },
      {
        "quantity": 30,
        "quantityKey": "dw-14414"
      },
      {
        "quantity": 30,
        "quantityKey": "dw-14400"
      },
      {
        "quantity": 30,
        "quantityKey": "dw-14442"
      },
      {
        "quantity": 15,
        "quantityKey": "dw-14390"
      },
      {
        "quantity": 30,
        "quantityKey": "dw-14392"
      },
      {
        "quantity": 30,
        "quantityKey": "dw-14468"
      },
      {
        "quantity": 30,
        "quantityKey": "dw-14474"
      },
      {
        "quantity": 30,
        "quantityKey": "default"
      },
      {
        "quantity": 30,
        "quantityKey": "dw-14450"
      },
      {
        "quantity": 30,
        "quantityKey": "dw-14466"
      },
      {
        "quantity": 30,
        "quantityKey": "dw-14398"
      },
      {
        "quantity": 30,
        "quantityKey": "dw-14406"
      },
      {
        "quantity": 30,
        "quantityKey": "dw-14436"
      },
      {
        "quantity": 30,
        "quantityKey": "dw-14460"
      },
      {
        "quantity": 30,
        "quantityKey": "dw-14444"
      },
      {
        "quantity": 30,
        "quantityKey": "dw-14422"
      },
      {
        "quantity": 30,
        "quantityKey": "dw-14452"
      },
      {
        "quantity": 30,
        "quantityKey": "dw-14428"
      },
      {
        "quantity": 30,
        "quantityKey": "dw-14434"
      }
    ],
    "emission": 0,
    "allergies": [
      {
        "id": 7,
        "infoSource": null,
        "level": {
          "enumType": "se.mat.mycroft.enums.AllergyLevel",
          "name": "CONTAINS"
        },
        "substanceName": "Mjölk"
      },
      {
        "id": 6,
        "infoSource": null,
        "level": {
          "enumType": "se.mat.mycroft.enums.AllergyLevel",
          "name": "CONTAINS"
        },
        "substanceName": "Sojabönor"
      },
      {
        "id": 3,
        "infoSource": null,
        "level": {
          "enumType": "se.mat.mycroft.enums.AllergyLevel",
          "name": "CONTAINS"
        },
        "substanceName": "Ägg"
      },
      {
        "id": 1,
        "infoSource": null,
        "level": {
          "enumType": "se.mat.mycroft.enums.AllergyLevel",
          "name": "TRACES"
        },
        "substanceName": "Gluten"
      },
      {
        "id": 10,
        "infoSource": null,
        "level": {
          "enumType": "se.mat.mycroft.enums.AllergyLevel",
          "name": "TRACES"
        },
        "substanceName": "Nötter"
      },
      {
        "id": 5,
        "infoSource": null,
        "level": {
          "enumType": "se.mat.mycroft.enums.AllergyLevel",
          "name": "CONTAINS"
        },
        "substanceName": "Jordnötter"
      }
    ],
    "warehouseProductMappingId": null,
    "productRelationship": {
      "canBeReplacedWithProductIds": [],
      "canBeSubstitutedWithProductIds": [
        90713,
        71261,
        93678
      ],
      "sameContentProductIds": []
    },
    "soldCount": 1213,
    "variety": "",
    "isAgreeWithPersonalTerms": null,
    "hasDeclinedPersonalAgreement": null,
    "probability": null,
    "productCountries": [],
    "productVarieties": [],
    "productBanner": null,
    "isShowOnTopProduct": false,
    "primaryCategoryNamePath": "Mat.se Göteborg/Apoteksvaror/Vitaminer, Hälso- & Kosttillskott/Bars"
  },
  {
    "id": 71261,
    "dateCreated": "Sun Feb 21 13:23:43 CET 2016",
    "name": "Proteinbar Big Bite Peanut/toffee",
    "showPrice": "14,95  kr",
    "friendlyUrl": "proteinbarbigbite-peanut-toffee-proteinpro-45-g",
    "formattedName": "Proteinbar Big Bite Peanut/toffee",
    "ean": "7350021420824",
    "countryOfOrigin": "DE",
    "translatedCountryName": "Tyskland",
    "labelTags": [],
    "hasImage": true,
    "imageUrl": "https://d1hr6nb56yyl1.cloudfront.net/product-images/71261-150.jpg",
    "brand": {
      "id": 5389,
      "name": "PROBRANDS"
    },
    "categories": [
      {
        "id": 11474,
        "name": "Bars"
      },
      {
        "id": 4336,
        "name": "Bars"
      }
    ],
    "displayBrand": "PROBRANDS",
    "favouriteCount": 80,
    "active": true,
    "inStockQuantity": 6,
    "orderable": true,
    "price": 14.95,
    "priceWithoutVat": 13.3482142857,
    "recommendedRetailPrice": null,
    "readableComparisonPrice": "332,22 kr/kg",
    "discount": null,
    "discountedPrice": 0,
    "size": "45G",
    "weightProduct": false,
    "vat": 12,
    "content": "MJÖLKchoklad/MÆLKEchokolade med sötningsmedel/sødemiddel 32% (sötningsmedel/sødemiddel (maltitol, kakaosmör, HELMJÖLKSPULVER/SØDMÆLKSPULVER, kakaomassa, emulgeringsmedel lecitin (SOJA), vaniljextrakt), fuktighetsbevarande medel/middel (glycerol), kollagenhydrolysat, MJÖLKprotein/MÆLKE-protein, SOJAkrispies (SOJAPROTEIN, tapiokastärkelse, salt), VASSLEprotein/MYSEprotein/VALLEprotein, sötningsmedel/sødemiddel (maltitol, steviolglykosider), hackade rostade/ristade JORDNÖTTER/PEANØTTER (4,0%), kokosfett, SOJASprotein, kakaosmör, arom, HELMJÖLKSPULVER/SØDMÆLKSPULVER, fettreducerat kakaopulver, salt, ren karamellfärg, emulgeringsmedel (solroslecitin/solsikkelecitin), vaniljextrakt.",
    "nutrition": "Näringsvärde per 100 Gram\nenergi 1743 Kilojoule\nenergi 418 Kilokalori\nfett 21 Gram\nvarav mättat fett 13 Gram\nkolhydrat 34 Gram\nvarav sockerarter 3.8 Gram\nsockeralkoholer 29 Gram\nprotein 34 Gram\nsalt 0.63 Gram",
    "durability": null,
    "recycling": null,
    "detail": "Vår lyxigaste proteinbar, med en krämig och god smak. Utan tillsatt socker.",
    "storage": "Förvaras vid högst 18 °C",
    "combinedNameWithBrand": "Proteinbar Big Bite Peanut/toffee Probrands",
    "averageProductLife": 0,
    "minimumDaysBeforeExpire": 31,
    "averageUnitWeight": 46,
    "weight": 46,
    "isMixable": false,
    "idRequired": 0,
    "tagNames": [
      "PROTEINPRO ProteinBar BigBite Peanut/Toffee 45 g",
      "Träning&Måbra"
    ],
    "featured": false,
    "campaignRank": 120,
    "availableQuantities": [
      {
        "quantity": 6,
        "quantityKey": "dw-14400"
      },
      {
        "quantity": 6,
        "quantityKey": "dw-14434"
      },
      {
        "quantity": 6,
        "quantityKey": "dw-14458"
      },
      {
        "quantity": 6,
        "quantityKey": "dw-14390"
      },
      {
        "quantity": 6,
        "quantityKey": "dw-14460"
      },
      {
        "quantity": 6,
        "quantityKey": "dw-14436"
      },
      {
        "quantity": 6,
        "quantityKey": "dw-14414"
      },
      {
        "quantity": 6,
        "quantityKey": "dw-14444"
      },
      {
        "quantity": 6,
        "quantityKey": "dw-14422"
      },
      {
        "quantity": 6,
        "quantityKey": "dw-14442"
      },
      {
        "quantity": 6,
        "quantityKey": "dw-14474"
      },
      {
        "quantity": 6,
        "quantityKey": "default"
      },
      {
        "quantity": 6,
        "quantityKey": "dw-14466"
      },
      {
        "quantity": 6,
        "quantityKey": "dw-14452"
      },
      {
        "quantity": 6,
        "quantityKey": "dw-14392"
      },
      {
        "quantity": 6,
        "quantityKey": "dw-14428"
      },
      {
        "quantity": 6,
        "quantityKey": "dw-14450"
      },
      {
        "quantity": 6,
        "quantityKey": "dw-14408"
      },
      {
        "quantity": 6,
        "quantityKey": "dw-14416"
      },
      {
        "quantity": 6,
        "quantityKey": "dw-14468"
      },
      {
        "quantity": 6,
        "quantityKey": "dw-14398"
      },
      {
        "quantity": 6,
        "quantityKey": "dw-14426"
      },
      {
        "quantity": 6,
        "quantityKey": "dw-14406"
      }
    ],
    "emission": 0,
    "allergies": [
      {
        "id": 3,
        "infoSource": null,
        "level": {
          "enumType": "se.mat.mycroft.enums.AllergyLevel",
          "name": "TRACES"
        },
        "substanceName": "Ägg"
      },
      {
        "id": 10,
        "infoSource": null,
        "level": {
          "enumType": "se.mat.mycroft.enums.AllergyLevel",
          "name": "TRACES"
        },
        "substanceName": "Nötter"
      },
      {
        "id": 6,
        "infoSource": null,
        "level": {
          "enumType": "se.mat.mycroft.enums.AllergyLevel",
          "name": "CONTAINS"
        },
        "substanceName": "Sojabönor"
      },
      {
        "id": 7,
        "infoSource": null,
        "level": {
          "enumType": "se.mat.mycroft.enums.AllergyLevel",
          "name": "CONTAINS"
        },
        "substanceName": "Mjölk"
      },
      {
        "id": 5,
        "infoSource": null,
        "level": {
          "enumType": "se.mat.mycroft.enums.AllergyLevel",
          "name": "CONTAINS"
        },
        "substanceName": "Jordnötter"
      },
      {
        "id": 1,
        "infoSource": null,
        "level": {
          "enumType": "se.mat.mycroft.enums.AllergyLevel",
          "name": "TRACES"
        },
        "substanceName": "Gluten"
      }
    ],
    "warehouseProductMappingId": null,
    "productRelationship": {
      "canBeReplacedWithProductIds": [],
      "canBeSubstitutedWithProductIds": [
        90713,
        93247,
        93678
      ],
      "sameContentProductIds": []
    },
    "soldCount": 413,
    "variety": "",
    "isAgreeWithPersonalTerms": null,
    "hasDeclinedPersonalAgreement": null,
    "probability": null,
    "productCountries": [],
    "productVarieties": [],
    "productBanner": null,
    "isShowOnTopProduct": false,
    "primaryCategoryNamePath": "Mat.se Göteborg/Hälsa & Träning/Bars"
  },
  {
    "id": 93364,
    "dateCreated": "Mon Oct 16 09:18:14 CEST 2017",
    "name": "Proteinbar Chocolate",
    "showPrice": "10,95  kr",
    "friendlyUrl": "protein-chocolate-powerking-40g",
    "formattedName": "Proteinbar Chocolate",
    "ean": "7611612211697",
    "countryOfOrigin": "NL",
    "translatedCountryName": "Nederländerna",
    "labelTags": [],
    "hasImage": true,
    "imageUrl": "https://d1hr6nb56yyl1.cloudfront.net/product-images/93364-150.jpg",
    "brand": {
      "id": 3541,
      "name": "POWERKING"
    },
    "categories": [
      {
        "id": 4336,
        "name": "Bars"
      },
      {
        "id": 11474,
        "name": "Bars"
      }
    ],
    "displayBrand": "POWERKING",
    "favouriteCount": 81,
    "active": true,
    "inStockQuantity": 35,
    "orderable": true,
    "price": 10.94999980926514,
    "priceWithoutVat": 9.77678554398673,
    "recommendedRetailPrice": null,
    "readableComparisonPrice": "273,75 kr/kg",
    "discount": null,
    "discountedPrice": 0,
    "size": "40G",
    "weightProduct": false,
    "vat": 12,
    "content": "MJÖLKPROTEIN/MAELKEPROTEIN 22 %, glukossirap/glucosesirup, mjölkchoklad/maelkechokolade 17 % (socker/sukker, kakaosmör, HELMJÖLKSPULVER/SODMAELKSPULVER, kakaomassa, emulgeringsmedel/ emulgator (SOJALECITIN), aromer), fruktossirap, hydrolyserat kollagen, palmfett/palmefedt, fettreducerad kakao, stabiliseringsmedel/stabilisator (glycerol), aromer, salt, emulgeringsmedel/emulgator (SOJALECITIN), syra/syre (citronsyra), vitamin C, niacin, vitamin E, pantotensyra, riboflavin, vitamin B6, tiamin, biotin, vitamin B12. KAN INNEHÅLLA SPÅR AV GLUTEN, ÄGG, JORDNÖT, MANDEL, HASSELNÖT, VALNÖT, MACADAMIANÖT (QUEENSLAND), CASHEWNÖT, PARANÖT, PEKANNÖT, PISTASCHNÖT, SESAMFRÖ.",
    "nutrition": "Näringsvärde per 100 Gram\nenergi 1650 Kilojoule\nenergi 390 Kilokalori\nfett 10 Gram\nvarav mättat fett 5.8 Gram\nkolhydrat 43 Gram\nvarav sockerarter 29 Gram\nfiber 0.6 Gram\nprotein 32 Gram\nsalt 0.8 Gram\nvitamin E 6.5 Milligram\nvitamin C 41.8 Milligram\ntiamin 0.6 Milligram\nriboflavin 0.7 Milligram\nniacin 8.3 Milligram\nvitamin B6 0.7 Milligram\nvitamin B12 1.4 Mikrogram\nbiotin 26 Mikrogram\npantotensyra 3.1 Milligram",
    "durability": null,
    "recycling": null,
    "detail": null,
    "storage": "Förvaras vid högst 22 °C",
    "combinedNameWithBrand": "Proteinbar Chocolate Powerking",
    "averageProductLife": 0,
    "minimumDaysBeforeExpire": 31,
    "averageUnitWeight": 41,
    "weight": 41,
    "isMixable": false,
    "idRequired": 0,
    "tagNames": [],
    "featured": false,
    "campaignRank": 249,
    "availableQuantities": [
      {
        "quantity": 35,
        "quantityKey": "dw-14480"
      },
      {
        "quantity": 35,
        "quantityKey": "dw-14460"
      },
      {
        "quantity": 35,
        "quantityKey": "dw-14434"
      },
      {
        "quantity": 35,
        "quantityKey": "dw-14450"
      },
      {
        "quantity": 35,
        "quantityKey": "dw-14468"
      },
      {
        "quantity": 35,
        "quantityKey": "dw-14428"
      },
      {
        "quantity": 35,
        "quantityKey": "dw-14474"
      },
      {
        "quantity": 19,
        "quantityKey": "dw-14390"
      },
      {
        "quantity": 35,
        "quantityKey": "dw-14416"
      },
      {
        "quantity": 35,
        "quantityKey": "default"
      },
      {
        "quantity": 35,
        "quantityKey": "dw-14436"
      },
      {
        "quantity": 35,
        "quantityKey": "dw-14452"
      },
      {
        "quantity": 19,
        "quantityKey": "dw-14392"
      },
      {
        "quantity": 35,
        "quantityKey": "dw-14414"
      },
      {
        "quantity": 35,
        "quantityKey": "dw-14408"
      },
      {
        "quantity": 35,
        "quantityKey": "dw-14422"
      },
      {
        "quantity": 35,
        "quantityKey": "dw-14458"
      },
      {
        "quantity": 35,
        "quantityKey": "dw-14466"
      },
      {
        "quantity": 19,
        "quantityKey": "dw-14398"
      },
      {
        "quantity": 35,
        "quantityKey": "dw-14442"
      },
      {
        "quantity": 35,
        "quantityKey": "dw-14478"
      },
      {
        "quantity": 35,
        "quantityKey": "dw-14406"
      },
      {
        "quantity": 35,
        "quantityKey": "dw-14400"
      },
      {
        "quantity": 35,
        "quantityKey": "dw-14444"
      },
      {
        "quantity": 35,
        "quantityKey": "dw-14426"
      }
    ],
    "emission": 0,
    "allergies": [
      {
        "id": 13,
        "infoSource": null,
        "level": {
          "enumType": "se.mat.mycroft.enums.AllergyLevel",
          "name": "TRACES"
        },
        "substanceName": "Sesamfrön"
      },
      {
        "id": 5,
        "infoSource": null,
        "level": {
          "enumType": "se.mat.mycroft.enums.AllergyLevel",
          "name": "TRACES"
        },
        "substanceName": "Jordnötter"
      },
      {
        "id": 6,
        "infoSource": null,
        "level": {
          "enumType": "se.mat.mycroft.enums.AllergyLevel",
          "name": "CONTAINS"
        },
        "substanceName": "Sojabönor"
      },
      {
        "id": 7,
        "infoSource": null,
        "level": {
          "enumType": "se.mat.mycroft.enums.AllergyLevel",
          "name": "CONTAINS"
        },
        "substanceName": "Mjölk"
      },
      {
        "id": 10,
        "infoSource": null,
        "level": {
          "enumType": "se.mat.mycroft.enums.AllergyLevel",
          "name": "TRACES"
        },
        "substanceName": "Nötter"
      }
    ],
    "warehouseProductMappingId": null,
    "productRelationship": {
      "canBeReplacedWithProductIds": [],
      "canBeSubstitutedWithProductIds": [
        95427,
        85906,
        82146,
        37268,
        31076,
        60727,
        64477
      ],
      "sameContentProductIds": []
    },
    "soldCount": 366,
    "variety": "",
    "isAgreeWithPersonalTerms": null,
    "hasDeclinedPersonalAgreement": null,
    "probability": null,
    "productCountries": [],
    "productVarieties": [],
    "productBanner": null,
    "isShowOnTopProduct": false,
    "primaryCategoryNamePath": "Mat.se Göteborg/Apoteksvaror/Vitaminer, Hälso- & Kosttillskott/Bars"
  },
  {
    "id": 93849,
    "dateCreated": "Mon Oct 16 09:18:52 CEST 2017",
    "name": "Proteinbar Cookies&cream",
    "showPrice": "10,95  kr",
    "friendlyUrl": "proteinbar-cookiescream-powerking-40g",
    "formattedName": "Proteinbar Cookies&cream",
    "ean": "7611612211727",
    "countryOfOrigin": "NL",
    "translatedCountryName": "Nederländerna",
    "labelTags": [],
    "hasImage": true,
    "imageUrl": "https://d1hr6nb56yyl1.cloudfront.net/product-images/93849-150.jpg",
    "brand": {
      "id": 3541,
      "name": "POWERKING"
    },
    "categories": [
      {
        "id": 11474,
        "name": "Bars"
      },
      {
        "id": 4336,
        "name": "Bars"
      }
    ],
    "displayBrand": "POWERKING",
    "favouriteCount": 82,
    "active": true,
    "inStockQuantity": 19,
    "orderable": true,
    "price": 10.95,
    "priceWithoutVat": 9.7767857143,
    "recommendedRetailPrice": null,
    "readableComparisonPrice": "273,75 kr/kg",
    "discount": null,
    "discountedPrice": 0,
    "size": "40G",
    "weightProduct": false,
    "vat": 12,
    "content": "MJÖLKPROTEIN/MAELKEPROTEIN 22%, glukos-fruktossirap/glucose-fructose sirup, MJÖLKCHOKLAD/MAELKE CHOKOLADE 17,5% (socker/sukker, kakaosmör/kakaosmør, HELMJÖLKSPULVER/SØDMAELKSPULVER, kakaomassa, emulgeringsmedel/emulgator (SOJALECITIN), aromer), hydrolyserat gelatin, palmfett/palmfedt, sojacrisp (SOJAPROTEIN, fettreducerat kakaopulver, tapiokastärkelse), stabiliseringsmedel (glycerol), salt, aromer (MJÖLK), emulgeringsmedel/emulgator (SOJALECITIN) gelatin, syra (citronsyra), vitamin C, niacin, vitamin E, pantotensyra, riboflavin, vitamin B6, tiamin, biotin, vitamin B12. KAN INNEHÅLLA SPÅR AV GLUTEN, ÄGG, JORDNÖT, MANDEL, HASSELNÖT, VALNÖT, CASHEWNÖT, PARANÖT, PEKANNÖT, PISTASCHNÖT, QUEENSLAND NÖT, SESAMFRÖN.",
    "nutrition": "Näringsvärde per 100 Gram\nenergi 1650 Kilojoule\nenergi 390 Kilokalori\nfett 9.8 Gram\nvarav mättat fett 5.4 Gram\nkolhydrat 42 Gram\nvarav sockerarter 29 Gram\nfiber 0.4 Gram\nprotein 32 Gram\nsalt 0.6 Gram\nvitamin E 6.5 Milligram\nvitamin C 42 Milligram\ntiamin 0.6 Milligram\nriboflavin 0.7 Milligram\nniacin 8.3 Milligram\nvitamin B6 0.7 Milligram\nvitamin B12 1.4 Mikrogram\nbiotin 26 Mikrogram\npantotensyra 3.1 Milligram",
    "durability": null,
    "recycling": null,
    "detail": "Förvaras i rumstemperatur. Undvik solljus.",
    "storage": "Förvaras i rumstemperatur. Undvik solljus.",
    "combinedNameWithBrand": "Proteinbar Cookies&cream Powerking",
    "averageProductLife": 0,
    "minimumDaysBeforeExpire": 31,
    "averageUnitWeight": 41,
    "weight": 41,
    "isMixable": false,
    "idRequired": 0,
    "tagNames": [],
    "featured": false,
    "campaignRank": 153,
    "availableQuantities": [
      {
        "quantity": 19,
        "quantityKey": "dw-14422"
      },
      {
        "quantity": 19,
        "quantityKey": "dw-14474"
      },
      {
        "quantity": 19,
        "quantityKey": "dw-14466"
      },
      {
        "quantity": 19,
        "quantityKey": "dw-14452"
      },
      {
        "quantity": 19,
        "quantityKey": "dw-14426"
      },
      {
        "quantity": 19,
        "quantityKey": "dw-14468"
      },
      {
        "quantity": 19,
        "quantityKey": "dw-14398"
      },
      {
        "quantity": 19,
        "quantityKey": "dw-14442"
      },
      {
        "quantity": 19,
        "quantityKey": "dw-14390"
      },
      {
        "quantity": 19,
        "quantityKey": "dw-14480"
      },
      {
        "quantity": 19,
        "quantityKey": "dw-14434"
      },
      {
        "quantity": 19,
        "quantityKey": "dw-14436"
      },
      {
        "quantity": 19,
        "quantityKey": "dw-14458"
      },
      {
        "quantity": 19,
        "quantityKey": "dw-14428"
      },
      {
        "quantity": 19,
        "quantityKey": "dw-14444"
      },
      {
        "quantity": 19,
        "quantityKey": "default"
      },
      {
        "quantity": 19,
        "quantityKey": "dw-14450"
      },
      {
        "quantity": 19,
        "quantityKey": "dw-14414"
      },
      {
        "quantity": 19,
        "quantityKey": "dw-14416"
      },
      {
        "quantity": 19,
        "quantityKey": "dw-14460"
      },
      {
        "quantity": 19,
        "quantityKey": "dw-14478"
      },
      {
        "quantity": 19,
        "quantityKey": "dw-14406"
      },
      {
        "quantity": 19,
        "quantityKey": "dw-14408"
      },
      {
        "quantity": 19,
        "quantityKey": "dw-14400"
      },
      {
        "quantity": 19,
        "quantityKey": "dw-14392"
      }
    ],
    "emission": 0,
    "allergies": [
      {
        "id": 5,
        "infoSource": null,
        "level": {
          "enumType": "se.mat.mycroft.enums.AllergyLevel",
          "name": "TRACES"
        },
        "substanceName": "Jordnötter"
      },
      {
        "id": 1,
        "infoSource": null,
        "level": {
          "enumType": "se.mat.mycroft.enums.AllergyLevel",
          "name": "TRACES"
        },
        "substanceName": "Gluten"
      },
      {
        "id": 13,
        "infoSource": null,
        "level": {
          "enumType": "se.mat.mycroft.enums.AllergyLevel",
          "name": "TRACES"
        },
        "substanceName": "Sesamfrön"
      },
      {
        "id": 7,
        "infoSource": null,
        "level": {
          "enumType": "se.mat.mycroft.enums.AllergyLevel",
          "name": "CONTAINS"
        },
        "substanceName": "Mjölk"
      },
      {
        "id": 6,
        "infoSource": null,
        "level": {
          "enumType": "se.mat.mycroft.enums.AllergyLevel",
          "name": "CONTAINS"
        },
        "substanceName": "Sojabönor"
      },
      {
        "id": 10,
        "infoSource": null,
        "level": {
          "enumType": "se.mat.mycroft.enums.AllergyLevel",
          "name": "TRACES"
        },
        "substanceName": "Nötter"
      }
    ],
    "warehouseProductMappingId": null,
    "productRelationship": {
      "canBeReplacedWithProductIds": [],
      "canBeSubstitutedWithProductIds": [
        90633,
        94959,
        29294
      ],
      "sameContentProductIds": []
    },
    "soldCount": 414,
    "variety": "",
    "isAgreeWithPersonalTerms": null,
    "hasDeclinedPersonalAgreement": null,
    "probability": null,
    "productCountries": [],
    "productVarieties": [],
    "productBanner": null,
    "isShowOnTopProduct": false,
    "primaryCategoryNamePath": "Mat.se Göteborg/Hälsa & Träning/Bars"
  },
  {
    "id": 121758,
    "dateCreated": "Fri Jan 15 09:42:15 CET 2021",
    "name": "Swebar Hallon/Lakrits Proteinbar",
    "showPrice": "20,50  kr",
    "friendlyUrl": "swebar-hallon-lakrits-proteinbar-dalblads-55g",
    "formattedName": "Swebar Hallon/lakrits Proteinbar",
    "ean": "7350006712920",
    "countryOfOrigin": "EU",
    "translatedCountryName": "EU",
    "labelTags": [],
    "hasImage": true,
    "imageUrl": "https://d1hr6nb56yyl1.cloudfront.net/product-images/121758-150.jpg",
    "brand": {
      "id": 1319,
      "name": "DALBLADS"
    },
    "categories": [
      {
        "id": 4336,
        "name": "Bars"
      },
      {
        "id": 11474,
        "name": "Bars"
      }
    ],
    "displayBrand": "DALBLADS",
    "favouriteCount": 63,
    "active": true,
    "inStockQuantity": 9,
    "orderable": true,
    "price": 20.5,
    "priceWithoutVat": 18.3035714286,
    "recommendedRetailPrice": null,
    "readableComparisonPrice": "20,50 kr/st",
    "discount": null,
    "discountedPrice": 0,
    "size": "55G",
    "weightProduct": false,
    "vat": 12,
    "content": "Vassleproteinisolat/myseproteinisolat (från MJÖLK/MELK), glukossirap, fruktossirap, överdrag/overtrekk (socker/sukker, vegetabilisk olja och fett (palm/palme, shea), fettreducerad/fettredusert kakao, emulgeringsmedel (SOJALECITIN/SOYALECITIN, sorbitantristearat), arom), mörk choklad/mørk sjokolade (kakaomassa, socker/sukker, kakaosmör, emulgeringsmedel (SOJALECITIN/SOYALECITIN), arom), vit choklad/ hvit sjokolade (socker/sukker, kakaosmör, HELMJÖLKSPULVER/MELKEPULVER AV HELMELK, emulgeringsmedel (SOJALECITIN/SOYALECITIN), arom), MJÖLKPROTEIN/MELKEPROTEIN, ÄGGVITEPROTEIN/EGGEHVITEPROTEIN, solrosolja/solsikkeolje, hallon/bringebær (socker/sukker, hallon/bringebær (0,9%), surhetsreglerande medel (citronsyra/sitronsyre)), arom (hallon/bringebær, lakrits), salmiak, färgämne/fargestoff (vegetabiliskt kol/vegetabilsk karbon, rödbetsrött/rødbetfarge), surhetsreglerande medel citronsyra/sitronsyre), emulgeringsmedel SOJALECITIN/SOYALECITIN). Kan innehålla spår/spor av ojaprotein/soyaprotein.",
    "nutrition": "Näringsvärde per 55 Gram\nenergi 900 Kilojoule\nenergi 220 Kilokalori\nfett 7.2 Gram\nvarav mättat fett 4.2 Gram\nkolhydrat 23 Gram\nvarav sockerarter 20 Gram\nprotein 16 Gram\nsalt 0.2 Gram",
    "durability": null,
    "recycling": null,
    "detail": "Swebar Original Hallon Lakrits smakar precis som motsvarigheten i godishyllan, fast med högt proteininnehåll. Kombinationen av saltig lakritssmak och syrlig hallon men överdrag av choklad kommer du garanterat njuta till fullo efter ditt träningspass. Proteinet och de snabba kolhydraterna absorberas snabbt av kroppen och når musklerna omedelbart, vilket är extra bra för dess reparation och uppbyggnad. Med en Swebar efter ett träningspass är du snabbt återhämtad och redo för nästa. Swebar Original Hallon Lakrits har ej tillsatta nötter.",
    "storage": "Förvaras vid högst 25 °C",
    "combinedNameWithBrand": "Swebar Hallon/lakrits Proteinbar Dalblads",
    "averageProductLife": 0,
    "minimumDaysBeforeExpire": 31,
    "averageUnitWeight": 56,
    "weight": 56,
    "isMixable": false,
    "idRequired": 0,
    "tagNames": [
      "energibars",
      "muskler",
      "mellanmål",
      "kosttillskott",
      "protein uppbyggnad",
      "större muskler",
      "proteinbar",
      "uppåtframåt",
      "näring",
      "träning",
      "uppbyggnad",
      "efter träning",
      "hälsa",
      "öka muskelmassa",
      "Protein",
      "energi",
      "god smak",
      "snacks",
      "före träning",
      "träningspass",
      "maximera träning",
      "återhämtning"
    ],
    "featured": false,
    "campaignRank": 213,
    "availableQuantities": [
      {
        "quantity": 9,
        "quantityKey": "dw-14466"
      },
      {
        "quantity": 9,
        "quantityKey": "dw-14450"
      },
      {
        "quantity": 9,
        "quantityKey": "default"
      },
      {
        "quantity": 9,
        "quantityKey": "dw-14442"
      },
      {
        "quantity": 9,
        "quantityKey": "dw-14468"
      },
      {
        "quantity": 9,
        "quantityKey": "dw-14444"
      },
      {
        "quantity": 9,
        "quantityKey": "dw-14452"
      },
      {
        "quantity": 9,
        "quantityKey": "dw-14406"
      },
      {
        "quantity": 9,
        "quantityKey": "dw-14392"
      },
      {
        "quantity": 9,
        "quantityKey": "dw-14414"
      },
      {
        "quantity": 9,
        "quantityKey": "dw-14428"
      },
      {
        "quantity": 9,
        "quantityKey": "dw-14434"
      },
      {
        "quantity": 9,
        "quantityKey": "dw-14390"
      },
      {
        "quantity": 9,
        "quantityKey": "dw-14400"
      },
      {
        "quantity": 9,
        "quantityKey": "dw-14426"
      },
      {
        "quantity": 9,
        "quantityKey": "dw-14458"
      },
      {
        "quantity": 9,
        "quantityKey": "dw-14460"
      },
      {
        "quantity": 9,
        "quantityKey": "dw-14474"
      },
      {
        "quantity": 9,
        "quantityKey": "dw-14398"
      },
      {
        "quantity": 9,
        "quantityKey": "dw-14408"
      },
      {
        "quantity": 9,
        "quantityKey": "dw-14436"
      },
      {
        "quantity": 9,
        "quantityKey": "dw-14416"
      },
      {
        "quantity": 9,
        "quantityKey": "dw-14422"
      }
    ],
    "emission": 0,
    "allergies": [
      {
        "id": 3,
        "infoSource": null,
        "level": {
          "enumType": "se.mat.mycroft.enums.AllergyLevel",
          "name": "CONTAINS"
        },
        "substanceName": "Ägg"
      },
      {
        "id": 7,
        "infoSource": null,
        "level": {
          "enumType": "se.mat.mycroft.enums.AllergyLevel",
          "name": "CONTAINS"
        },
        "substanceName": "Mjölk"
      },
      {
        "id": 6,
        "infoSource": null,
        "level": {
          "enumType": "se.mat.mycroft.enums.AllergyLevel",
          "name": "CONTAINS"
        },
        "substanceName": "Sojabönor"
      }
    ],
    "warehouseProductMappingId": null,
    "productRelationship": {
      "canBeReplacedWithProductIds": [],
      "canBeSubstitutedWithProductIds": [],
      "sameContentProductIds": []
    },
    "soldCount": 238,
    "variety": "",
    "isAgreeWithPersonalTerms": null,
    "hasDeclinedPersonalAgreement": null,
    "probability": null,
    "productCountries": [],
    "productVarieties": [],
    "productBanner": null,
    "isShowOnTopProduct": false,
    "primaryCategoryNamePath": "Mat.se Göteborg/Apoteksvaror/Vitaminer, Hälso- & Kosttillskott/Bars"
  },
  {
    "id": 121872,
    "dateCreated": "Wed Feb 10 11:01:59 CET 2021",
    "name": "Chocolate Protein Wafer",
    "showPrice": "16,50  kr",
    "friendlyUrl": "protein-wafer-chocolate-nicks-40g",
    "formattedName": "Chocolate Protein Wafer",
    "ean": "7350104401221",
    "countryOfOrigin": "BG",
    "translatedCountryName": "Bulgarien",
    "labelTags": [
      {
        "id": 14,
        "name": "Särnär fri från gluten",
        "tag": "fri_gluten"
      }
    ],
    "hasImage": true,
    "imageUrl": "https://d1hr6nb56yyl1.cloudfront.net/product-images/121872-150.jpg",
    "brand": {
      "id": 12132,
      "name": "Nick´s"
    },
    "categories": [
      {
        "id": 4336,
        "name": "Bars"
      },
      {
        "id": 11474,
        "name": "Bars"
      }
    ],
    "displayBrand": "Nick´s",
    "favouriteCount": 40,
    "active": true,
    "inStockQuantity": 0,
    "orderable": false,
    "price": 16.5,
    "priceWithoutVat": 14.7321428571,
    "recommendedRetailPrice": null,
    "readableComparisonPrice": "412,50 kr/kg",
    "discount": null,
    "discountedPrice": 0,
    "size": "40G",
    "weightProduct": false,
    "vat": 12,
    "content": "MJÖLK/MÆLKEPROTEIN, vegetabilisk olja (shea, kokos), kakaosmör, sötningsmedel: erytritol, mjöl/mel mix (majs, potatis), MJÖLK/MÆLKEPULVER, polydextros (fiber), kakaomassa, cikoriarotfiber, kakao, vegetabilisk olja (solros/solsikke), emulgeringsmedel (solros/solsikkelecitin, SOJA/SOYAlecitin), salt, bakpulver: natriumbikarbonat, sötningsmedel: steviolglykosider, Vitamin E, C, B1, B2, B3, B5, B6, B7, B9, B12, naturlig arom. Kan innehålla spår av NÖTTER och JORDNÖTTER/PEANØTTER.",
    "nutrition": "Näringsvärde per 100 Gram\nenergi 2031 Kilojoule\nenergi 485 Kilokalori\nfett 34.1 Gram\nvarav mättat fett 20.1 Gram\nkolhydrat 23.1 Gram\nvarav sockerarter 6 Gram\nsockeralkoholer 9.3 Gram\nfiber 8.1 Gram\nprotein 30 Gram\nsalt 0.05 Gram\nvitamin E 4.5 Milligram\nvitamin C 30 Milligram\ntiamin 0.41 Milligram\nriboflavin 0.53 Milligram\nniacin 6 Milligram\nvitamin B6 0.53 Milligram\nfolsyra 75 Mikrogram\nvitamin B12 0.94 Mikrogram\nbiotin 19 Mikrogram\npantotensyra 2.3 Milligram",
    "durability": null,
    "recycling": null,
    "detail": "Krispigt chokladproteinkex laddad med vitaminer och prebiotiska fiber. Passande för lågkolhydratskost, keto, diabetes, glutenintolerans men främst för alla som vill njuta och må bra på samma gång. 30% protein, no added sugar, no gluten, just joy.\n\nFörvaras torrt & svalt: <30°C",
    "storage": "Förvaras torrt & svalt: <30°C",
    "combinedNameWithBrand": "Chocolate Protein Wafer Nick´s",
    "averageProductLife": 0,
    "minimumDaysBeforeExpire": 31,
    "averageUnitWeight": 42,
    "weight": 42,
    "isMixable": false,
    "idRequired": 0,
    "tagNames": [],
    "featured": false,
    "campaignRank": 2147483647,
    "availableQuantities": [
      {
        "quantity": 0,
        "quantityKey": "default"
      }
    ],
    "emission": 0,
    "allergies": [
      {
        "id": 7,
        "infoSource": null,
        "level": {
          "enumType": "se.mat.mycroft.enums.AllergyLevel",
          "name": "CONTAINS"
        },
        "substanceName": "Mjölk"
      },
      {
        "id": 6,
        "infoSource": null,
        "level": {
          "enumType": "se.mat.mycroft.enums.AllergyLevel",
          "name": "CONTAINS"
        },
        "substanceName": "Sojabönor"
      },
      {
        "id": 5,
        "infoSource": null,
        "level": {
          "enumType": "se.mat.mycroft.enums.AllergyLevel",
          "name": "TRACES"
        },
        "substanceName": "Jordnötter"
      },
      {
        "id": 10,
        "infoSource": null,
        "level": {
          "enumType": "se.mat.mycroft.enums.AllergyLevel",
          "name": "TRACES"
        },
        "substanceName": "Nötter"
      }
    ],
    "warehouseProductMappingId": null,
    "productRelationship": {
      "canBeReplacedWithProductIds": [],
      "canBeSubstitutedWithProductIds": [],
      "sameContentProductIds": []
    },
    "soldCount": 104,
    "variety": "",
    "isAgreeWithPersonalTerms": null,
    "hasDeclinedPersonalAgreement": null,
    "probability": null,
    "productCountries": [],
    "productVarieties": [],
    "productBanner": null,
    "isShowOnTopProduct": false,
    "primaryCategoryNamePath": "Mat.se Göteborg/Apoteksvaror/Vitaminer, Hälso- & Kosttillskott/Bars"
  },
  {
    "id": 104081,
    "dateCreated": "Mon Mar 29 19:42:31 CEST 2021",
    "name": "Protein Bar Big Bite Cookies & Cream",
    "showPrice": "15,95  kr",
    "friendlyUrl": "protein-bar-big-bite-cookies-cream-proteinpro-45g",
    "formattedName": "Protein Bar Big Bite Cookies & Cream",
    "ean": "7350021422149",
    "countryOfOrigin": "DE",
    "translatedCountryName": "Tyskland",
    "labelTags": [],
    "hasImage": true,
    "imageUrl": "https://d1hr6nb56yyl1.cloudfront.net/product-images/104081-150.jpg",
    "brand": {
      "id": 5389,
      "name": "PROBRANDS"
    },
    "categories": [
      {
        "id": 11474,
        "name": "Bars"
      },
      {
        "id": 4336,
        "name": "Bars"
      }
    ],
    "displayBrand": "PROBRANDS",
    "favouriteCount": 40,
    "active": true,
    "inStockQuantity": 17,
    "orderable": true,
    "price": 15.95,
    "priceWithoutVat": 14.2410714286,
    "recommendedRetailPrice": null,
    "readableComparisonPrice": "354,44 kr/kg",
    "discount": null,
    "discountedPrice": 0,
    "size": "45G",
    "weightProduct": false,
    "vat": 12,
    "content": "MJÖLKCHOKLAD 30 % (sötningsmedel/søtstoff; maltitol, kakaosmör, HELMJÖLK/MELK/MÆLKpulver, kakaomassa, emulgeringsmedel/emulgator; soja/soyalecitin, arom), MJÖLK/MELK/MÆLKprotein, kollagenpeptider, fuktighetsbevarande medel; glycerol, SOJA/SOYAprotein, vatten, sötningsmedel/søtstoff; maltitol, crisp (SOJA/SOYAprotein, ris, SOJAMJÖL/SOYAMEL, salt), kakaosmör, HELMJÖLK/MELK/MÆLKpulver, kakaopulver, tapioca stärkelse/stivelse, solrosolja/solsikkeolje, emulgeringsmedel/emulgator; lecitin (solros/solsikke, SOJA/SOYA), arom, salt, sötningsmedel/søtstoff; steviolglykosider.",
    "nutrition": "Näringsvärde per 100 Gram\nenergi 1586 Kilojoule\nenergi 379 Kilokalori\nfett 15 Gram\nvarav mättat fett 8.6 Gram\nkolhydrat 36 Gram\nvarav sockerarter 3.6 Gram\nsockeralkoholer 31 Gram\nprotein 37 Gram\nsalt 0.57 Gram",
    "durability": null,
    "recycling": null,
    "detail": "Vår lyxigaste proteinbar, med en krämig och god smak. Utan tillsatt socker.",
    "storage": "Förvaras vid högst 18 °C",
    "combinedNameWithBrand": "Protein Bar Big Bite Cookies & Cream Probrands",
    "averageProductLife": 0,
    "minimumDaysBeforeExpire": 31,
    "averageUnitWeight": 46,
    "weight": 46,
    "isMixable": false,
    "idRequired": 0,
    "tagNames": [],
    "featured": false,
    "campaignRank": 2147483647,
    "availableQuantities": [
      {
        "quantity": 17,
        "quantityKey": "dw-14468"
      },
      {
        "quantity": 17,
        "quantityKey": "dw-14436"
      },
      {
        "quantity": 17,
        "quantityKey": "dw-14474"
      },
      {
        "quantity": 17,
        "quantityKey": "dw-14434"
      },
      {
        "quantity": 17,
        "quantityKey": "dw-14466"
      },
      {
        "quantity": 17,
        "quantityKey": "dw-14408"
      },
      {
        "quantity": 17,
        "quantityKey": "dw-14392"
      },
      {
        "quantity": 17,
        "quantityKey": "dw-14398"
      },
      {
        "quantity": 17,
        "quantityKey": "dw-14442"
      },
      {
        "quantity": 17,
        "quantityKey": "dw-14444"
      },
      {
        "quantity": 17,
        "quantityKey": "dw-14450"
      },
      {
        "quantity": 17,
        "quantityKey": "dw-14426"
      },
      {
        "quantity": 17,
        "quantityKey": "dw-14452"
      },
      {
        "quantity": 17,
        "quantityKey": "dw-14422"
      },
      {
        "quantity": 17,
        "quantityKey": "dw-14416"
      },
      {
        "quantity": 17,
        "quantityKey": "dw-14400"
      },
      {
        "quantity": 17,
        "quantityKey": "dw-14428"
      },
      {
        "quantity": 17,
        "quantityKey": "dw-14460"
      },
      {
        "quantity": 17,
        "quantityKey": "dw-14414"
      },
      {
        "quantity": 17,
        "quantityKey": "dw-14458"
      },
      {
        "quantity": 17,
        "quantityKey": "default"
      },
      {
        "quantity": 17,
        "quantityKey": "dw-14390"
      },
      {
        "quantity": 17,
        "quantityKey": "dw-14406"
      }
    ],
    "emission": 0,
    "allergies": [
      {
        "id": 5,
        "infoSource": null,
        "level": {
          "enumType": "se.mat.mycroft.enums.AllergyLevel",
          "name": "TRACES"
        },
        "substanceName": "Jordnötter"
      },
      {
        "id": 10,
        "infoSource": null,
        "level": {
          "enumType": "se.mat.mycroft.enums.AllergyLevel",
          "name": "TRACES"
        },
        "substanceName": "Nötter"
      },
      {
        "id": 6,
        "infoSource": null,
        "level": {
          "enumType": "se.mat.mycroft.enums.AllergyLevel",
          "name": "CONTAINS"
        },
        "substanceName": "Sojabönor"
      },
      {
        "id": 3,
        "infoSource": null,
        "level": {
          "enumType": "se.mat.mycroft.enums.AllergyLevel",
          "name": "TRACES"
        },
        "substanceName": "Ägg"
      },
      {
        "id": 1,
        "infoSource": null,
        "level": {
          "enumType": "se.mat.mycroft.enums.AllergyLevel",
          "name": "TRACES"
        },
        "substanceName": "Gluten"
      },
      {
        "id": 7,
        "infoSource": null,
        "level": {
          "enumType": "se.mat.mycroft.enums.AllergyLevel",
          "name": "CONTAINS"
        },
        "substanceName": "Mjölk"
      }
    ],
    "warehouseProductMappingId": null,
    "productRelationship": {
      "canBeReplacedWithProductIds": [],
      "canBeSubstitutedWithProductIds": [],
      "sameContentProductIds": []
    },
    "soldCount": 216,
    "variety": "",
    "isAgreeWithPersonalTerms": null,
    "hasDeclinedPersonalAgreement": null,
    "probability": null,
    "productCountries": [],
    "productVarieties": [],
    "productBanner": null,
    "isShowOnTopProduct": false,
    "primaryCategoryNamePath": "Mat.se Göteborg/Hälsa & Träning/Bars"
  },
  {
    "id": 121766,
    "dateCreated": "Mon Jan 18 09:50:58 CET 2021",
    "name": "Lemon Cake Ball",
    "showPrice": "19,95  kr",
    "friendlyUrl": "lemon-cake-ball-dig-25g",
    "formattedName": "Lemon Cake Ball",
    "ean": "7350066440696",
    "countryOfOrigin": "CZ",
    "translatedCountryName": "Tjeckiska republiken",
    "labelTags": [
      {
        "id": 17,
        "name": "EU-logotype för ekologiska produkter",
        "tag": "eu_eko"
      }
    ],
    "hasImage": true,
    "imageUrl": "https://d1hr6nb56yyl1.cloudfront.net/product-images/121766-150.jpg",
    "brand": {
      "id": 12899,
      "name": "Dig"
    },
    "categories": [
      {
        "id": 4336,
        "name": "Bars"
      },
      {
        "id": 11474,
        "name": "Bars"
      }
    ],
    "displayBrand": "Dig",
    "favouriteCount": 55,
    "active": true,
    "inStockQuantity": 13,
    "orderable": true,
    "price": 19.95000076293945,
    "priceWithoutVat": 17.81250068119594,
    "recommendedRetailPrice": null,
    "readableComparisonPrice": "798 kr/kg",
    "discount": null,
    "discountedPrice": 0,
    "size": "25G",
    "weightProduct": false,
    "vat": 12,
    "content": "Kokosnektar*, MANDELSMÖR*, GLUTENFRI HAVRE*, kakaosmör*, MANDLAR*, frystorkad citronjuice* 2,5%, eterisk citronolja* 0,4%, havssalt, vaniljextrakt*. *Ekologisk/Økologisk. KAN INNEHÅLLA SPÅR AV NÖTTER, SESAMFRÖ OCH NÖTSKAL/KAN INDEHOLDE SPOR AF NØDDER, SESAMFRØ OG NØDDESKALLER.",
    "nutrition": "Näringsvärde per 100 Gram\nenergi 1600 Kilojoule\nenergi 390 Kilokalori\nfett 18 Gram\nvarav mättat fett 2 Gram\nkolhydrat 43 Gram\nvarav sockerarter 26 Gram\nfiber 6 Gram\nprotein 10 Gram\nsalt 0.37 Gram",
    "durability": null,
    "recycling": null,
    "detail": "Lemon Cake Ball är gjord på nio naturliga, ekologiska ingredienser, bland annat mandelsmör, glutenfri havre, kakao, citron och sötad med kokosnektar. Passar utmärkt till en kopp te. Njut med gott samvete!\n\nÖppnad förpackning bör konsumeras inom 3-5 dagar\n\nFörvaras torrt och svalt",
    "storage": "Förvaras torrt och svalt",
    "combinedNameWithBrand": "Lemon Cake Ball Dig",
    "averageProductLife": 0,
    "minimumDaysBeforeExpire": 31,
    "averageUnitWeight": 27,
    "weight": 27,
    "isMixable": false,
    "idRequired": 0,
    "tagNames": [],
    "featured": false,
    "campaignRank": 90,
    "availableQuantities": [
      {
        "quantity": 13,
        "quantityKey": "dw-14442"
      },
      {
        "quantity": 13,
        "quantityKey": "dw-14406"
      },
      {
        "quantity": 13,
        "quantityKey": "dw-14422"
      },
      {
        "quantity": 13,
        "quantityKey": "default"
      },
      {
        "quantity": 13,
        "quantityKey": "dw-14398"
      },
      {
        "quantity": 13,
        "quantityKey": "dw-14458"
      },
      {
        "quantity": 13,
        "quantityKey": "dw-14452"
      },
      {
        "quantity": 13,
        "quantityKey": "dw-14408"
      },
      {
        "quantity": 13,
        "quantityKey": "dw-14436"
      },
      {
        "quantity": 13,
        "quantityKey": "dw-14414"
      },
      {
        "quantity": 13,
        "quantityKey": "dw-14444"
      },
      {
        "quantity": 13,
        "quantityKey": "dw-14460"
      },
      {
        "quantity": 13,
        "quantityKey": "dw-14474"
      },
      {
        "quantity": 13,
        "quantityKey": "dw-14392"
      },
      {
        "quantity": 13,
        "quantityKey": "dw-14466"
      },
      {
        "quantity": 13,
        "quantityKey": "dw-14390"
      },
      {
        "quantity": 13,
        "quantityKey": "dw-14468"
      },
      {
        "quantity": 13,
        "quantityKey": "dw-14450"
      },
      {
        "quantity": 13,
        "quantityKey": "dw-14400"
      },
      {
        "quantity": 13,
        "quantityKey": "dw-14426"
      },
      {
        "quantity": 13,
        "quantityKey": "dw-14428"
      },
      {
        "quantity": 13,
        "quantityKey": "dw-14416"
      },
      {
        "quantity": 13,
        "quantityKey": "dw-14434"
      }
    ],
    "emission": 0,
    "allergies": [
      {
        "id": 13,
        "infoSource": null,
        "level": {
          "enumType": "se.mat.mycroft.enums.AllergyLevel",
          "name": "TRACES"
        },
        "substanceName": "Sesamfrön"
      },
      {
        "id": 10,
        "infoSource": null,
        "level": {
          "enumType": "se.mat.mycroft.enums.AllergyLevel",
          "name": "CONTAINS"
        },
        "substanceName": "Nötter"
      }
    ],
    "warehouseProductMappingId": null,
    "productRelationship": {
      "canBeReplacedWithProductIds": [],
      "canBeSubstitutedWithProductIds": [],
      "sameContentProductIds": []
    },
    "soldCount": 180,
    "variety": "",
    "isAgreeWithPersonalTerms": null,
    "hasDeclinedPersonalAgreement": null,
    "probability": null,
    "productCountries": [],
    "productVarieties": [],
    "productBanner": null,
    "isShowOnTopProduct": false,
    "primaryCategoryNamePath": "Mat.se Göteborg/Apoteksvaror/Vitaminer, Hälso- & Kosttillskott/Bars"
  },
  {
    "id": 121768,
    "dateCreated": "Mon Jan 18 09:19:22 CET 2021",
    "name": "Swedish Cinnamon Bun Ball",
    "showPrice": "19,95  kr",
    "friendlyUrl": "swedish-cinnamon-bun-ball-dig-25g",
    "formattedName": "Swedish Cinnamon Bun Ball",
    "ean": "7350066440672",
    "countryOfOrigin": "CZ",
    "translatedCountryName": "Tjeckiska republiken",
    "labelTags": [
      {
        "id": 17,
        "name": "EU-logotype för ekologiska produkter",
        "tag": "eu_eko"
      }
    ],
    "hasImage": true,
    "imageUrl": "https://d1hr6nb56yyl1.cloudfront.net/product-images/121768-150.jpg",
    "brand": {
      "id": 12899,
      "name": "Dig"
    },
    "categories": [
      {
        "id": 4336,
        "name": "Bars"
      },
      {
        "id": 11474,
        "name": "Bars"
      }
    ],
    "displayBrand": "Dig",
    "favouriteCount": 58,
    "active": true,
    "inStockQuantity": 20,
    "orderable": true,
    "price": 19.95,
    "priceWithoutVat": 17.8125,
    "recommendedRetailPrice": null,
    "readableComparisonPrice": "798 kr/kg",
    "discount": null,
    "discountedPrice": 0,
    "size": "25G",
    "weightProduct": false,
    "vat": 12,
    "content": "MANDELSMÖR*, kokosnektar*, GLUTENFRI HAVRE*, kakaosmör*, MANDLAR*, kanel* 3,5%, kardemumma*, havssalt. *Ekologisk/Økologisk. KAN INNEHÅLLA SPÅR AV NÖTTER, SESAMFRÖ OCH NÖTSKAL/KAN INDEHOLDE SPOR AF NØDDER, SESAMFRØ OG NØDDESKALLER.",
    "nutrition": "Näringsvärde per 100 Gram\nenergi 1850 Kilojoule\nenergi 440 Kilokalori\nfett 24 Gram\nvarav mättat fett 5 Gram\nkolhydrat 43 Gram\nvarav sockerarter 24 Gram\nfiber 8 Gram\nprotein 10 Gram\nsalt 0.55 Gram",
    "durability": null,
    "recycling": null,
    "detail": "Swedish Cinnamon Bun Ball är gjord på åtta naturliga, ekologiska ingredienser, bland annat mandelsmör, glutenfri havre, kanel och sötad med kokosnektar. Passar utmärkt till en kopp kaffe. Njut med gott samvete!\n\nÖppnad förpackning bör konsumeras inom 3-5 dagar\n\nFörvaras torrt och svalt",
    "storage": "Förvaras torrt och svalt",
    "combinedNameWithBrand": "Swedish Cinnamon Bun Ball Dig",
    "averageProductLife": 0,
    "minimumDaysBeforeExpire": 31,
    "averageUnitWeight": 27,
    "weight": 27,
    "isMixable": false,
    "idRequired": 0,
    "tagNames": [],
    "featured": false,
    "campaignRank": 2147483647,
    "availableQuantities": [
      {
        "quantity": 20,
        "quantityKey": "dw-14444"
      },
      {
        "quantity": 20,
        "quantityKey": "default"
      },
      {
        "quantity": 4,
        "quantityKey": "dw-14390"
      },
      {
        "quantity": 20,
        "quantityKey": "dw-14436"
      },
      {
        "quantity": 20,
        "quantityKey": "dw-14468"
      },
      {
        "quantity": 20,
        "quantityKey": "dw-14416"
      },
      {
        "quantity": 20,
        "quantityKey": "dw-14442"
      },
      {
        "quantity": 20,
        "quantityKey": "dw-14392"
      },
      {
        "quantity": 20,
        "quantityKey": "dw-14458"
      },
      {
        "quantity": 20,
        "quantityKey": "dw-14414"
      },
      {
        "quantity": 20,
        "quantityKey": "dw-14422"
      },
      {
        "quantity": 20,
        "quantityKey": "dw-14434"
      },
      {
        "quantity": 20,
        "quantityKey": "dw-14400"
      },
      {
        "quantity": 20,
        "quantityKey": "dw-14426"
      },
      {
        "quantity": 20,
        "quantityKey": "dw-14474"
      },
      {
        "quantity": 20,
        "quantityKey": "dw-14406"
      },
      {
        "quantity": 20,
        "quantityKey": "dw-14460"
      },
      {
        "quantity": 20,
        "quantityKey": "dw-14452"
      },
      {
        "quantity": 20,
        "quantityKey": "dw-14398"
      },
      {
        "quantity": 20,
        "quantityKey": "dw-14450"
      },
      {
        "quantity": 20,
        "quantityKey": "dw-14466"
      },
      {
        "quantity": 20,
        "quantityKey": "dw-14428"
      },
      {
        "quantity": 20,
        "quantityKey": "dw-14408"
      }
    ],
    "emission": 0,
    "allergies": [
      {
        "id": 10,
        "infoSource": null,
        "level": {
          "enumType": "se.mat.mycroft.enums.AllergyLevel",
          "name": "CONTAINS"
        },
        "substanceName": "Nötter"
      },
      {
        "id": 13,
        "infoSource": null,
        "level": {
          "enumType": "se.mat.mycroft.enums.AllergyLevel",
          "name": "TRACES"
        },
        "substanceName": "Sesamfrön"
      }
    ],
    "warehouseProductMappingId": null,
    "productRelationship": {
      "canBeReplacedWithProductIds": [],
      "canBeSubstitutedWithProductIds": [],
      "sameContentProductIds": []
    },
    "soldCount": 205,
    "variety": "",
    "isAgreeWithPersonalTerms": null,
    "hasDeclinedPersonalAgreement": null,
    "probability": null,
    "productCountries": [],
    "productVarieties": [],
    "productBanner": null,
    "isShowOnTopProduct": false,
    "primaryCategoryNamePath": "Mat.se Göteborg/Apoteksvaror/Vitaminer, Hälso- & Kosttillskott/Bars"
  },
  {
    "id": 113467,
    "dateCreated": "Wed Aug 26 13:16:32 CEST 2020",
    "name": "Blueberry Deli High Protein Drink",
    "showPrice": "18,50  kr",
    "friendlyUrl": "blueberry-deli-high-protein-drink-gainomax-25cl",
    "formattedName": "Blueberry Deli High Protein Drink",
    "ean": "7310861015277",
    "countryOfOrigin": "SE",
    "translatedCountryName": "Sverige",
    "labelTags": [],
    "hasImage": true,
    "imageUrl": "https://d1hr6nb56yyl1.cloudfront.net/product-images/113467-150.jpg",
    "brand": {
      "id": 937,
      "name": "Gainomax"
    },
    "categories": [
      {
        "id": 10262,
        "name": "Milkshake"
      },
      {
        "id": 11478,
        "name": "Proteindryck"
      },
      {
        "id": 9230,
        "name": "Proteintillskott"
      }
    ],
    "displayBrand": "Gainomax",
    "favouriteCount": 51,
    "active": true,
    "inStockQuantity": 65,
    "orderable": true,
    "price": 18.5,
    "priceWithoutVat": 16.5178571429,
    "recommendedRetailPrice": null,
    "readableComparisonPrice": "74 kr/l",
    "discount": null,
    "discountedPrice": 0,
    "size": "25CL",
    "weightProduct": false,
    "vat": 12,
    "content": "UHT-behandlad MJÖLK, vatten, MJÖLKPROTEIN, laktasenzym, stabiliseringsmedel karragenan, surhetsreglerande medel kaliumhydroxid, aromer, sötningsmedel sukralos.",
    "nutrition": "Näringsvärde per 100 Milliliter\nenergi 290 Kilojoule\nenergi 70 Kilokalori\nfett 0.5 Gram\nvarav mättat fett 0.5 Gram\nkolhydrat 3.9 Gram\nvarav sockerarter 3.9 Gram\nprotein 12 Gram\nsalt 0.1 Gram\nriboflavin 0.12 Milligram\nfolsyra 18.8 Mikrogram\nvitamin B12 0.46 Mikrogram\nkalcium 249 Milligram",
    "durability": null,
    "recycling": null,
    "detail": "High Protein Drink: Passar såväl efter träning som till mellanmål. Med extra högt proteininnehåll och utan tillsatt socker. Perfekt för dig som är mån om att boosta muskeltillväxten\n\nHållbarhet och smak garanteras fram till Bäst före datum.  Mjölkbaserad återhämtningsdryck med 30 g protein och 10 g kolhydrat per förpackning. Helt utan tillsatt socker. Passar såväl efter träning som till mellanmål. Med extra högt proteininnehåll och utan tillsatt socker. Perfekt för dig som är mån om att boosta muskeltillväxten.\n\nOöppnad förpackning kan förvaras vid rumstemperatur. Öppnad förpackning förvaras vid högst +8°C i 4-5 dagar.",
    "storage": "Oöppnad förpackning kan förvaras vid rumstemperatur. Öppnad förpackning förvaras vid högst +8°C i 4-5 dagar.",
    "combinedNameWithBrand": "Blueberry Deli High Protein Drink Gainomax",
    "averageProductLife": 0,
    "minimumDaysBeforeExpire": 31,
    "averageUnitWeight": 280,
    "weight": 280,
    "isMixable": false,
    "idRequired": 0,
    "tagNames": [],
    "featured": false,
    "campaignRank": 94,
    "availableQuantities": [
      {
        "quantity": 65,
        "quantityKey": "dw-14422"
      },
      {
        "quantity": 65,
        "quantityKey": "dw-14426"
      },
      {
        "quantity": 65,
        "quantityKey": "dw-14468"
      },
      {
        "quantity": 65,
        "quantityKey": "dw-14436"
      },
      {
        "quantity": 65,
        "quantityKey": "dw-14408"
      },
      {
        "quantity": 65,
        "quantityKey": "dw-14442"
      },
      {
        "quantity": 65,
        "quantityKey": "dw-14406"
      },
      {
        "quantity": 65,
        "quantityKey": "dw-14460"
      },
      {
        "quantity": 65,
        "quantityKey": "dw-14400"
      },
      {
        "quantity": 65,
        "quantityKey": "dw-14416"
      },
      {
        "quantity": 65,
        "quantityKey": "dw-14466"
      },
      {
        "quantity": 65,
        "quantityKey": "dw-14392"
      },
      {
        "quantity": 65,
        "quantityKey": "dw-14398"
      },
      {
        "quantity": 65,
        "quantityKey": "dw-14474"
      },
      {
        "quantity": 65,
        "quantityKey": "dw-14452"
      },
      {
        "quantity": 65,
        "quantityKey": "dw-14428"
      },
      {
        "quantity": 65,
        "quantityKey": "dw-14458"
      },
      {
        "quantity": 65,
        "quantityKey": "dw-14414"
      },
      {
        "quantity": 65,
        "quantityKey": "dw-14444"
      },
      {
        "quantity": 65,
        "quantityKey": "dw-14434"
      },
      {
        "quantity": 65,
        "quantityKey": "dw-14390"
      },
      {
        "quantity": 65,
        "quantityKey": "dw-14450"
      },
      {
        "quantity": 65,
        "quantityKey": "default"
      }
    ],
    "emission": 0,
    "allergies": [
      {
        "id": 7,
        "infoSource": null,
        "level": {
          "enumType": "se.mat.mycroft.enums.AllergyLevel",
          "name": "CONTAINS"
        },
        "substanceName": "Mjölk"
      }
    ],
    "warehouseProductMappingId": null,
    "productRelationship": {
      "canBeReplacedWithProductIds": [],
      "canBeSubstitutedWithProductIds": [],
      "sameContentProductIds": []
    },
    "soldCount": 267,
    "variety": "",
    "isAgreeWithPersonalTerms": null,
    "hasDeclinedPersonalAgreement": null,
    "probability": null,
    "productCountries": [],
    "productVarieties": [],
    "productBanner": null,
    "isShowOnTopProduct": false,
    "primaryCategoryNamePath": "Mat.se Göteborg/Mejeri, Juice & Ägg/Proteinmål/Milkshake"
  },
  {
    "id": 121796,
    "dateCreated": "Fri Jan 15 09:59:07 CET 2021",
    "name": "Caramel Triple Nut Proteinbar",
    "showPrice": "21,50  kr",
    "friendlyUrl": "caramel-triple-nut-proteinbar-gainomax-60g",
    "formattedName": "Caramel Triple Nut Proteinbar",
    "ean": "7310861040897",
    "countryOfOrigin": "NL",
    "translatedCountryName": "Nederländerna",
    "labelTags": [],
    "hasImage": true,
    "imageUrl": "https://d1hr6nb56yyl1.cloudfront.net/product-images/121796-150.jpg",
    "brand": {
      "id": 937,
      "name": "Gainomax"
    },
    "categories": [
      {
        "id": 4336,
        "name": "Bars"
      },
      {
        "id": 11474,
        "name": "Bars"
      }
    ],
    "displayBrand": "Gainomax",
    "favouriteCount": 25,
    "active": true,
    "inStockQuantity": 19,
    "orderable": true,
    "price": 21.5,
    "priceWithoutVat": 19.1964285714,
    "recommendedRetailPrice": null,
    "readableComparisonPrice": "358,33 kr/kg",
    "discount": null,
    "discountedPrice": 0,
    "size": "60G",
    "weightProduct": false,
    "vat": 12,
    "content": "MJÖLKCHOKLAD (20 %) (socker, kakaosmör, HELMJÖLKSPULVER, kakaomassa, emulgeringsmedel SOJALECITIN, aromer), salt karamellager (bulkmedel polydextros, solrosolja, SKUMMJÖLKSPULVER, stabiliseringsmedel xylitol, emulgeringsmedel SOJALECITIN, aromer, salt), gelatinhydrolysat, MJÖLKPROTEIN, glukossirap, hydrolyserat VETEGLUTEN, socker, fuktighetsbevarande medel glycerol, SOJAOLJA, salta JORDNÖTTER (JORDNÖTTER (1,9%) JORDNÖTSOLJA, salt), choklad (socker, kakaomassa, kakaosmör, emulgeringsmedel SOJALECITIN), vassleproteinkrisp (VASSLEPROTEIN [från MJÖLK], rismjöl, emulgerigsmedel SOJALECITIN), MANDEL 0,9%, HASSELNÖT 0,7%, isomaltulos*, aromer (innehåller JORDNÖT), salt, emulgeringsmedel SOJALECITIN. *isomaltulos är en källa till glukos och fruktos. Kan innehålla spår av VALNÖT, PEKANNÖT, CASHEWNÖT, MACADAMIANÖT, PARANÖT, PISTAGENÖT, SESAMFRÖ och ÄGG.",
    "nutrition": "Näringsvärde per 100 Gram\nenergi 1650 Kilojoule\nenergi 390 Kilokalori\nfett 14 Gram\nvarav mättat fett 5.6 Gram\nkolhydrat 34 Gram\nvarav sockerarter 25 Gram\nprotein 29 Gram\nsalt 0.6 Gram",
    "durability": null,
    "recycling": null,
    "detail": "Proteinbar med 18 gram protein och 21 gram kolhydrat.   Passar bra efter träning eller som mellanmål.  För dig som har en aktiv livsstil och vill hålla kroppen i form.\n\nHållbarhet och smak garanteras fram till Bäst före datum.  Funktionellt mellanmål delad i två bitar för dig som vill hålla nere kolhydratnivån. Njutning utan tillsatt socker. 20 gram protein och ca 13 g kolhydrat.  Perfekt både före och efter träning. Mellanmål på språng eller som återhämtning efter träningspass.\n\nFörvaras vid rumstemperatur. Undvik solljus och hög luftfuktighet.",
    "storage": "Förvaras vid rumstemperatur. Undvik solljus och hög luftfuktighet.",
    "combinedNameWithBrand": "Caramel Triple Nut Proteinbar Gainomax",
    "averageProductLife": 0,
    "minimumDaysBeforeExpire": 31,
    "averageUnitWeight": 61,
    "weight": 61,
    "isMixable": false,
    "idRequired": 0,
    "tagNames": [],
    "featured": false,
    "campaignRank": 2147483647,
    "availableQuantities": [
      {
        "quantity": 19,
        "quantityKey": "dw-14460"
      },
      {
        "quantity": 19,
        "quantityKey": "dw-14452"
      },
      {
        "quantity": 19,
        "quantityKey": "dw-14436"
      },
      {
        "quantity": 19,
        "quantityKey": "dw-14450"
      },
      {
        "quantity": 19,
        "quantityKey": "dw-14406"
      },
      {
        "quantity": 19,
        "quantityKey": "dw-14390"
      },
      {
        "quantity": 19,
        "quantityKey": "dw-14400"
      },
      {
        "quantity": 19,
        "quantityKey": "dw-14468"
      },
      {
        "quantity": 19,
        "quantityKey": "dw-14408"
      },
      {
        "quantity": 19,
        "quantityKey": "dw-14444"
      },
      {
        "quantity": 19,
        "quantityKey": "dw-14426"
      },
      {
        "quantity": 19,
        "quantityKey": "dw-14466"
      },
      {
        "quantity": 19,
        "quantityKey": "dw-14398"
      },
      {
        "quantity": 19,
        "quantityKey": "default"
      },
      {
        "quantity": 19,
        "quantityKey": "dw-14434"
      },
      {
        "quantity": 19,
        "quantityKey": "dw-14458"
      },
      {
        "quantity": 19,
        "quantityKey": "dw-14474"
      },
      {
        "quantity": 19,
        "quantityKey": "dw-14416"
      },
      {
        "quantity": 19,
        "quantityKey": "dw-14428"
      },
      {
        "quantity": 19,
        "quantityKey": "dw-14442"
      },
      {
        "quantity": 19,
        "quantityKey": "dw-14414"
      },
      {
        "quantity": 19,
        "quantityKey": "dw-14422"
      },
      {
        "quantity": 19,
        "quantityKey": "dw-14392"
      }
    ],
    "emission": 0,
    "allergies": [
      {
        "id": 25,
        "infoSource": null,
        "level": {
          "enumType": "se.mat.mycroft.enums.AllergyLevel",
          "name": "TRACES"
        },
        "substanceName": "Makadamianöt"
      },
      {
        "id": 20,
        "infoSource": null,
        "level": {
          "enumType": "se.mat.mycroft.enums.AllergyLevel",
          "name": "TRACES"
        },
        "substanceName": "Valnöt"
      },
      {
        "id": 21,
        "infoSource": null,
        "level": {
          "enumType": "se.mat.mycroft.enums.AllergyLevel",
          "name": "TRACES"
        },
        "substanceName": "Cashewnöt"
      },
      {
        "id": 24,
        "infoSource": null,
        "level": {
          "enumType": "se.mat.mycroft.enums.AllergyLevel",
          "name": "TRACES"
        },
        "substanceName": "Pistaschmandel"
      },
      {
        "id": 7,
        "infoSource": null,
        "level": {
          "enumType": "se.mat.mycroft.enums.AllergyLevel",
          "name": "CONTAINS"
        },
        "substanceName": "Mjölk"
      },
      {
        "id": 22,
        "infoSource": null,
        "level": {
          "enumType": "se.mat.mycroft.enums.AllergyLevel",
          "name": "TRACES"
        },
        "substanceName": "Pekannöt"
      },
      {
        "id": 1,
        "infoSource": null,
        "level": {
          "enumType": "se.mat.mycroft.enums.AllergyLevel",
          "name": "CONTAINS"
        },
        "substanceName": "Gluten"
      },
      {
        "id": 5,
        "infoSource": null,
        "level": {
          "enumType": "se.mat.mycroft.enums.AllergyLevel",
          "name": "CONTAINS"
        },
        "substanceName": "Jordnötter"
      },
      {
        "id": 10,
        "infoSource": null,
        "level": {
          "enumType": "se.mat.mycroft.enums.AllergyLevel",
          "name": "TRACES"
        },
        "substanceName": "Nötter"
      },
      {
        "id": 6,
        "infoSource": null,
        "level": {
          "enumType": "se.mat.mycroft.enums.AllergyLevel",
          "name": "CONTAINS"
        },
        "substanceName": "Sojabönor"
      },
      {
        "id": 3,
        "infoSource": null,
        "level": {
          "enumType": "se.mat.mycroft.enums.AllergyLevel",
          "name": "TRACES"
        },
        "substanceName": "Ägg"
      },
      {
        "id": 23,
        "infoSource": null,
        "level": {
          "enumType": "se.mat.mycroft.enums.AllergyLevel",
          "name": "TRACES"
        },
        "substanceName": "Paranöt"
      },
      {
        "id": 18,
        "infoSource": null,
        "level": {
          "enumType": "se.mat.mycroft.enums.AllergyLevel",
          "name": "CONTAINS"
        },
        "substanceName": "Mandel"
      }
    ],
    "warehouseProductMappingId": null,
    "productRelationship": {
      "canBeReplacedWithProductIds": [],
      "canBeSubstitutedWithProductIds": [],
      "sameContentProductIds": []
    },
    "soldCount": 192,
    "variety": "",
    "isAgreeWithPersonalTerms": null,
    "hasDeclinedPersonalAgreement": null,
    "probability": null,
    "productCountries": [],
    "productVarieties": [],
    "productBanner": null,
    "isShowOnTopProduct": false,
    "primaryCategoryNamePath": "Mat.se Göteborg/Apoteksvaror/Vitaminer, Hälso- & Kosttillskott/Bars"
  },
  {
    "id": 121874,
    "dateCreated": "Mon Jan 25 13:58:52 CET 2021",
    "name": "Hazelnut Protein Wafer",
    "showPrice": "16,50  kr",
    "friendlyUrl": "protein-wafer-hazelnut-nicks-40g",
    "formattedName": "Hazelnut Protein Wafer",
    "ean": "7350104401214",
    "countryOfOrigin": "BG",
    "translatedCountryName": "Bulgarien",
    "labelTags": [
      {
        "id": 14,
        "name": "Särnär fri från gluten",
        "tag": "fri_gluten"
      }
    ],
    "hasImage": true,
    "imageUrl": "https://d1hr6nb56yyl1.cloudfront.net/product-images/121874-150.jpg",
    "brand": {
      "id": 12132,
      "name": "Nick´s"
    },
    "categories": [
      {
        "id": 4336,
        "name": "Bars"
      },
      {
        "id": 11474,
        "name": "Bars"
      }
    ],
    "displayBrand": "Nick´s",
    "favouriteCount": 43,
    "active": true,
    "inStockQuantity": 6,
    "orderable": true,
    "price": 16.5,
    "priceWithoutVat": 14.7321428571,
    "recommendedRetailPrice": null,
    "readableComparisonPrice": "412,50 kr/kg",
    "discount": null,
    "discountedPrice": 0,
    "size": "40G",
    "weightProduct": false,
    "vat": 12,
    "content": "MJÖLK/MÆLKEPROTEIN, vegetabilisk olja (shea, kokos), kakaosmör, sötningsmedel: erytritol, mjöl/mel mix (majs, potatis), MJÖLK/MÆLKEPULVER, polydextros (fiber), kakaomassa, cikoriarotfiber, vegetabilisk olja (solros/solsikke), emulgeringsmedel (solros/solsikkelecitin, SOJA/SOYAlecitin), salt, HASSELNÖTTER, bakpulver: natriumbikarbonat, sötningsmedel: steviolglykosider, Vitamin E, C, B1, B2, B3, B5, B6, B7, B9, B12, naturlig arom. Kan innehålla spår av JORDNÖTTER/PEANØTTER.",
    "nutrition": "Näringsvärde per 100 Gram\nenergi 2031 Kilojoule\nenergi 485 Kilokalori\nfett 34.1 Gram\nvarav mättat fett 20.1 Gram\nkolhydrat 23.1 Gram\nvarav sockerarter 6 Gram\nsockeralkoholer 9.3 Gram\nfiber 8.1 Gram\nprotein 30 Gram\nsalt 0.05 Gram\nvitamin E 4.5 Milligram\nvitamin C 30 Milligram\ntiamin 0.41 Milligram\nriboflavin 0.53 Milligram\nniacin 6 Milligram\nvitamin B6 0.53 Milligram\nfolsyra 75 Mikrogram\nvitamin B12 0.84 Mikrogram\nbiotin 19 Mikrogram\npantotensyra 2.3 Milligram",
    "durability": null,
    "recycling": null,
    "detail": "Krispigt hasselnötproteinkex laddad med vitaminer och prebiotiska fiber. Passande för lågkolhydratskost, keto, diabetes, glutenintolerans men främst för alla som vill njuta och må bra på samma gång. 30% protein, no added sugar, no gluten, just joy.\n\nFörvaras torrt & svalt: <30°C",
    "storage": "Förvaras torrt & svalt: <30°C",
    "combinedNameWithBrand": "Hazelnut Protein Wafer Nick´s",
    "averageProductLife": 0,
    "minimumDaysBeforeExpire": 31,
    "averageUnitWeight": 42,
    "weight": 42,
    "isMixable": false,
    "idRequired": 0,
    "tagNames": [],
    "featured": false,
    "campaignRank": 2147483647,
    "availableQuantities": [
      {
        "quantity": 6,
        "quantityKey": "dw-14036"
      },
      {
        "quantity": 6,
        "quantityKey": "dw-14044"
      },
      {
        "quantity": 6,
        "quantityKey": "dw-14042"
      },
      {
        "quantity": 6,
        "quantityKey": "dw-13970"
      },
      {
        "quantity": 6,
        "quantityKey": "dw-14024"
      },
      {
        "quantity": 6,
        "quantityKey": "dw-14058"
      },
      {
        "quantity": 6,
        "quantityKey": "dw-13998"
      },
      {
        "quantity": 6,
        "quantityKey": "dw-13972"
      },
      {
        "quantity": 6,
        "quantityKey": "dw-14030"
      },
      {
        "quantity": 6,
        "quantityKey": "dw-13984"
      },
      {
        "quantity": 6,
        "quantityKey": "dw-14034"
      },
      {
        "quantity": 6,
        "quantityKey": "dw-13978"
      },
      {
        "quantity": 6,
        "quantityKey": "dw-14060"
      },
      {
        "quantity": 6,
        "quantityKey": "dw-13990"
      },
      {
        "quantity": 6,
        "quantityKey": "dw-14050"
      },
      {
        "quantity": 6,
        "quantityKey": "dw-13982"
      },
      {
        "quantity": 6,
        "quantityKey": "dw-13992"
      },
      {
        "quantity": 6,
        "quantityKey": "dw-14008"
      },
      {
        "quantity": 6,
        "quantityKey": "dw-14006"
      },
      {
        "quantity": 6,
        "quantityKey": "dw-14014"
      },
      {
        "quantity": 6,
        "quantityKey": "dw-14016"
      },
      {
        "quantity": 6,
        "quantityKey": "dw-14022"
      },
      {
        "quantity": 6,
        "quantityKey": "dw-14052"
      },
      {
        "quantity": 6,
        "quantityKey": "default"
      },
      {
        "quantity": 6,
        "quantityKey": "dw-14000"
      }
    ],
    "emission": 0,
    "allergies": [
      {
        "id": 5,
        "infoSource": null,
        "level": {
          "enumType": "se.mat.mycroft.enums.AllergyLevel",
          "name": "TRACES"
        },
        "substanceName": "Jordnötter"
      },
      {
        "id": 10,
        "infoSource": null,
        "level": {
          "enumType": "se.mat.mycroft.enums.AllergyLevel",
          "name": "CONTAINS"
        },
        "substanceName": "Nötter"
      },
      {
        "id": 6,
        "infoSource": null,
        "level": {
          "enumType": "se.mat.mycroft.enums.AllergyLevel",
          "name": "CONTAINS"
        },
        "substanceName": "Sojabönor"
      },
      {
        "id": 7,
        "infoSource": null,
        "level": {
          "enumType": "se.mat.mycroft.enums.AllergyLevel",
          "name": "CONTAINS"
        },
        "substanceName": "Mjölk"
      }
    ],
    "warehouseProductMappingId": null,
    "productRelationship": {
      "canBeReplacedWithProductIds": [],
      "canBeSubstitutedWithProductIds": [],
      "sameContentProductIds": []
    },
    "soldCount": 188,
    "variety": "",
    "isAgreeWithPersonalTerms": null,
    "hasDeclinedPersonalAgreement": null,
    "probability": null,
    "productCountries": [],
    "productVarieties": [],
    "productBanner": null,
    "isShowOnTopProduct": false,
    "primaryCategoryNamePath": "Mat.se Göteborg/Apoteksvaror/Vitaminer, Hälso- & Kosttillskott/Bars"
  },
  {
    "id": 104464,
    "dateCreated": "Wed Oct 23 12:00:44 CEST 2019",
    "name": "Protein Bar Fudge Sea Salt",
    "showPrice": "21,50  kr",
    "friendlyUrl": "protein-bar-fudge-sea-salt-gainomax-60g",
    "formattedName": "Protein Bar Fudge Sea Salt",
    "ean": "7310861040873",
    "countryOfOrigin": "NL",
    "translatedCountryName": "Nederländerna",
    "labelTags": [],
    "hasImage": true,
    "imageUrl": "https://d1hr6nb56yyl1.cloudfront.net/product-images/104464-150.jpg",
    "brand": {
      "id": 937,
      "name": "Gainomax"
    },
    "categories": [
      {
        "id": 4336,
        "name": "Bars"
      },
      {
        "id": 11474,
        "name": "Bars"
      }
    ],
    "displayBrand": "Gainomax",
    "favouriteCount": 34,
    "active": true,
    "inStockQuantity": 20,
    "orderable": true,
    "price": 21.5,
    "priceWithoutVat": 19.1964285714,
    "recommendedRetailPrice": null,
    "readableComparisonPrice": "358,33 kr/kg",
    "discount": null,
    "discountedPrice": 0,
    "size": "60G",
    "weightProduct": false,
    "vat": 12,
    "content": "MJÖLKCHOKLAD (20 %) (socker, kakaosmör, HELMJÖLKSPULVER, kakaomassa, emulgeringsmedel SOJALECITIN, aromer), salt karamellager (bulkmedel polydextros, solrosolja, SKUMMJÖLKSPULVER, stabiliseringsmedel xylitol, emulgeringsmedel SOJALECITIN, havssalt 0,1%, salt, aromer), gelatinhydrolysat, MJÖLKPROTEIN, glukossirap, hydrolyserat VETEGLUTEN, socker, fuktighetsbevarande medel glycerol, SOJAOLJA, choklad (socker, kakaomassa, kakaosmör, emulgeringsmedel SOJALECITIN), isomaltulos*, fettreducerad kakao, karamell 0,6% (HELMJÖLKSPULVER, glukossirap, socker), aromer, havssalt 0,3%, emulgeringsmedel SOJALECITIN. *isomaltulos är en källa till glukos och fruktos. Kan innehålla spår av VALNÖT, PEKANNÖT, MANDEL, CASHEWNÖT, HASSELNÖT, MACADAMIANÖT, PARANÖT, PISTAGENÖT, JORDNÖT, SESAMFRÖ och ÄGG.",
    "nutrition": "Näringsvärde per 100 Gram\nenergi 1600 Kilojoule\nenergi 370 Kilokalori\nfett 12 Gram\nvarav mättat fett 5.4 Gram\nkolhydrat 35 Gram\nvarav sockerarter 26 Gram\nprotein 28 Gram\nsalt 0.7 Gram",
    "durability": null,
    "recycling": null,
    "detail": "Proteinbar med 17 gram protein och 21 gram kolhydrat. Passar bra efter träning eller som mellanmål.  För dig som har en aktiv livsstil och vill hålla kroppen i form.\n\nHållbarhet och smak garanteras fram till Bäst före datum.  Perfekt både före och efter träning. Mellanmål på språng eller som återhämtning efter träningspass. Proteinbar med 17-20 (28-30%) gram protein och ca 20 gram kolhydrat, bra som mellanmål eller för återhämtning.\n\nFörvaras vid rumstemperatur. Undvik solljus och hög luftfuktighet.",
    "storage": "Förvaras vid rumstemperatur. Undvik solljus och hög luftfuktighet.",
    "combinedNameWithBrand": "Protein Bar Fudge Sea Salt Gainomax",
    "averageProductLife": 0,
    "minimumDaysBeforeExpire": 31,
    "averageUnitWeight": 61,
    "weight": 61,
    "isMixable": false,
    "idRequired": 0,
    "tagNames": [],
    "featured": false,
    "campaignRank": 2147483647,
    "availableQuantities": [
      {
        "quantity": 20,
        "quantityKey": "dw-14408"
      },
      {
        "quantity": 20,
        "quantityKey": "dw-14460"
      },
      {
        "quantity": 20,
        "quantityKey": "dw-14444"
      },
      {
        "quantity": 20,
        "quantityKey": "dw-14426"
      },
      {
        "quantity": 5,
        "quantityKey": "dw-14390"
      },
      {
        "quantity": 20,
        "quantityKey": "dw-14416"
      },
      {
        "quantity": 20,
        "quantityKey": "dw-14450"
      },
      {
        "quantity": 20,
        "quantityKey": "dw-14468"
      },
      {
        "quantity": 20,
        "quantityKey": "dw-14436"
      },
      {
        "quantity": 20,
        "quantityKey": "default"
      },
      {
        "quantity": 20,
        "quantityKey": "dw-14458"
      },
      {
        "quantity": 5,
        "quantityKey": "dw-14392"
      },
      {
        "quantity": 5,
        "quantityKey": "dw-14398"
      },
      {
        "quantity": 20,
        "quantityKey": "dw-14422"
      },
      {
        "quantity": 20,
        "quantityKey": "dw-14474"
      },
      {
        "quantity": 20,
        "quantityKey": "dw-14452"
      },
      {
        "quantity": 5,
        "quantityKey": "dw-14406"
      },
      {
        "quantity": 20,
        "quantityKey": "dw-14442"
      },
      {
        "quantity": 20,
        "quantityKey": "dw-14466"
      },
      {
        "quantity": 20,
        "quantityKey": "dw-14414"
      },
      {
        "quantity": 5,
        "quantityKey": "dw-14400"
      },
      {
        "quantity": 20,
        "quantityKey": "dw-14428"
      },
      {
        "quantity": 20,
        "quantityKey": "dw-14434"
      }
    ],
    "emission": 0,
    "allergies": [
      {
        "id": 5,
        "infoSource": null,
        "level": {
          "enumType": "se.mat.mycroft.enums.AllergyLevel",
          "name": "TRACES"
        },
        "substanceName": "Jordnötter"
      },
      {
        "id": 1,
        "infoSource": null,
        "level": {
          "enumType": "se.mat.mycroft.enums.AllergyLevel",
          "name": "CONTAINS"
        },
        "substanceName": "Gluten"
      },
      {
        "id": 10,
        "infoSource": null,
        "level": {
          "enumType": "se.mat.mycroft.enums.AllergyLevel",
          "name": "TRACES"
        },
        "substanceName": "Nötter"
      },
      {
        "id": 3,
        "infoSource": null,
        "level": {
          "enumType": "se.mat.mycroft.enums.AllergyLevel",
          "name": "TRACES"
        },
        "substanceName": "Ägg"
      },
      {
        "id": 7,
        "infoSource": null,
        "level": {
          "enumType": "se.mat.mycroft.enums.AllergyLevel",
          "name": "CONTAINS"
        },
        "substanceName": "Mjölk"
      },
      {
        "id": 6,
        "infoSource": null,
        "level": {
          "enumType": "se.mat.mycroft.enums.AllergyLevel",
          "name": "CONTAINS"
        },
        "substanceName": "Sojabönor"
      },
      {
        "id": 13,
        "infoSource": null,
        "level": {
          "enumType": "se.mat.mycroft.enums.AllergyLevel",
          "name": "TRACES"
        },
        "substanceName": "Sesamfrön"
      }
    ],
    "warehouseProductMappingId": null,
    "productRelationship": {
      "canBeReplacedWithProductIds": [],
      "canBeSubstitutedWithProductIds": [],
      "sameContentProductIds": []
    },
    "soldCount": 139,
    "variety": "",
    "isAgreeWithPersonalTerms": null,
    "hasDeclinedPersonalAgreement": null,
    "probability": null,
    "productCountries": [],
    "productVarieties": [],
    "productBanner": null,
    "isShowOnTopProduct": false,
    "primaryCategoryNamePath": "Mat.se Göteborg/Apoteksvaror/Vitaminer, Hälso- & Kosttillskott/Bars"
  },
  {
    "id": 121772,
    "dateCreated": "Mon Jan 18 09:33:41 CET 2021",
    "name": "Dark Chocolate Sea Salt Energibar",
    "showPrice": "16,95  kr",
    "friendlyUrl": "dark-chocolate-sea-salt-energibar-eat-natural-45g",
    "formattedName": "Dark Chocolate Sea Salt Energibar",
    "ean": "96187166",
    "countryOfOrigin": "GB",
    "translatedCountryName": "Storbritannien",
    "labelTags": [
      {
        "id": 14,
        "name": "Särnär fri från gluten",
        "tag": "fri_gluten"
      }
    ],
    "hasImage": true,
    "imageUrl": "https://d1hr6nb56yyl1.cloudfront.net/product-images/121772-150.jpg",
    "brand": {
      "id": 5586,
      "name": "Eat Natural"
    },
    "categories": [
      {
        "id": 4336,
        "name": "Bars"
      },
      {
        "id": 11474,
        "name": "Bars"
      }
    ],
    "displayBrand": "Eat Natural",
    "favouriteCount": 48,
    "active": true,
    "inStockQuantity": 10,
    "orderable": true,
    "price": 16.95000076293945,
    "priceWithoutVat": 15.13392925262451,
    "recommendedRetailPrice": null,
    "readableComparisonPrice": "376,67 kr/kg",
    "discount": null,
    "discountedPrice": 0,
    "size": "45G",
    "weightProduct": false,
    "vat": 12,
    "content": "Mörk choklad 20% (kakaomassa, socker, kakaosmör, emulgeringsmedel: SOJA-LECITIN), glukossirap, JORDNÖTTER 12%, puffat ris (ris, socker), fikon 8%(fikon, rismjöl), torkade aprikoser 8% (aprikoser, rismjöl), honung, sultanrussin 7%(sultanrussin, solrosolja), riven kokos, MANDLAR 6%, kakaopulver, havssalt. Kan innehålla spår av: Andra NÖTTER, SESAMFRÖN, KOMJÖLK",
    "nutrition": "Näringsvärde per 100 Gram\nenergi 1830 Kilojoule\nenergi 438 Kilokalori\nfett 21.5 Gram\nvarav mättat fett 9.6 Gram\nkolhydrat 49.2 Gram\nvarav sockerarter 30.7 Gram\nfiber 6.9 Gram\nprotein 8.5 Gram\nsalt 0.05 Gram",
    "durability": null,
    "recycling": null,
    "detail": "Förvaras svalt och torrt",
    "storage": "Förvaras svalt och torrt",
    "combinedNameWithBrand": "Dark Chocolate Sea Salt Energibar Eat Natural",
    "averageProductLife": 0,
    "minimumDaysBeforeExpire": 31,
    "averageUnitWeight": 46,
    "weight": 46,
    "isMixable": false,
    "idRequired": 0,
    "tagNames": [],
    "featured": false,
    "campaignRank": 2147483647,
    "availableQuantities": [
      {
        "quantity": 10,
        "quantityKey": "dw-14468"
      },
      {
        "quantity": 10,
        "quantityKey": "dw-14480"
      },
      {
        "quantity": 10,
        "quantityKey": "dw-14458"
      },
      {
        "quantity": 10,
        "quantityKey": "dw-14426"
      },
      {
        "quantity": 10,
        "quantityKey": "dw-14408"
      },
      {
        "quantity": 10,
        "quantityKey": "dw-14434"
      },
      {
        "quantity": 10,
        "quantityKey": "dw-14406"
      },
      {
        "quantity": 10,
        "quantityKey": "dw-14390"
      },
      {
        "quantity": 10,
        "quantityKey": "dw-14444"
      },
      {
        "quantity": 10,
        "quantityKey": "dw-14460"
      },
      {
        "quantity": 10,
        "quantityKey": "dw-14428"
      },
      {
        "quantity": 10,
        "quantityKey": "dw-14422"
      },
      {
        "quantity": 10,
        "quantityKey": "dw-14392"
      },
      {
        "quantity": 10,
        "quantityKey": "dw-14466"
      },
      {
        "quantity": 10,
        "quantityKey": "dw-14442"
      },
      {
        "quantity": 10,
        "quantityKey": "dw-14478"
      },
      {
        "quantity": 10,
        "quantityKey": "dw-14474"
      },
      {
        "quantity": 10,
        "quantityKey": "default"
      },
      {
        "quantity": 10,
        "quantityKey": "dw-14436"
      },
      {
        "quantity": 10,
        "quantityKey": "dw-14452"
      },
      {
        "quantity": 10,
        "quantityKey": "dw-14398"
      },
      {
        "quantity": 10,
        "quantityKey": "dw-14416"
      },
      {
        "quantity": 10,
        "quantityKey": "dw-14450"
      },
      {
        "quantity": 10,
        "quantityKey": "dw-14400"
      },
      {
        "quantity": 10,
        "quantityKey": "dw-14414"
      }
    ],
    "emission": 0,
    "allergies": [
      {
        "id": 10,
        "infoSource": null,
        "level": {
          "enumType": "se.mat.mycroft.enums.AllergyLevel",
          "name": "CONTAINS"
        },
        "substanceName": "Nötter"
      },
      {
        "id": 7,
        "infoSource": null,
        "level": {
          "enumType": "se.mat.mycroft.enums.AllergyLevel",
          "name": "TRACES"
        },
        "substanceName": "Mjölk"
      },
      {
        "id": 5,
        "infoSource": null,
        "level": {
          "enumType": "se.mat.mycroft.enums.AllergyLevel",
          "name": "CONTAINS"
        },
        "substanceName": "Jordnötter"
      },
      {
        "id": 13,
        "infoSource": null,
        "level": {
          "enumType": "se.mat.mycroft.enums.AllergyLevel",
          "name": "TRACES"
        },
        "substanceName": "Sesamfrön"
      },
      {
        "id": 6,
        "infoSource": null,
        "level": {
          "enumType": "se.mat.mycroft.enums.AllergyLevel",
          "name": "CONTAINS"
        },
        "substanceName": "Sojabönor"
      },
      {
        "id": 18,
        "infoSource": null,
        "level": {
          "enumType": "se.mat.mycroft.enums.AllergyLevel",
          "name": "CONTAINS"
        },
        "substanceName": "Mandel"
      }
    ],
    "warehouseProductMappingId": null,
    "productRelationship": {
      "canBeReplacedWithProductIds": [],
      "canBeSubstitutedWithProductIds": [],
      "sameContentProductIds": []
    },
    "soldCount": 276,
    "variety": "",
    "isAgreeWithPersonalTerms": null,
    "hasDeclinedPersonalAgreement": null,
    "probability": null,
    "productCountries": [],
    "productVarieties": [],
    "productBanner": null,
    "isShowOnTopProduct": false,
    "primaryCategoryNamePath": "Mat.se Göteborg/Apoteksvaror/Vitaminer, Hälso- & Kosttillskott/Bars"
  },
  {
    "id": 128368,
    "dateCreated": "Thu Sep 09 10:38:37 CEST 2021",
    "name": "Apple & Cinnamon Energibar",
    "showPrice": "21,95  kr",
    "friendlyUrl": "apple-cinnamon-energibar-moonvalley-50g",
    "formattedName": "Apple & Cinnamon Energibar",
    "ean": "7350102860013",
    "countryOfOrigin": "SE",
    "translatedCountryName": "Sverige",
    "labelTags": [
      {
        "id": 17,
        "name": "EU-logotype för ekologiska produkter",
        "tag": "eu_eko"
      }
    ],
    "hasImage": true,
    "imageUrl": "https://d1hr6nb56yyl1.cloudfront.net/product-images/128368-150.jpg",
    "brand": {
      "id": 13239,
      "name": "Moonvalley"
    },
    "categories": [
      {
        "id": 11474,
        "name": "Bars"
      },
      {
        "id": 4336,
        "name": "Bars"
      }
    ],
    "displayBrand": "Moonvalley",
    "favouriteCount": 12,
    "active": true,
    "inStockQuantity": 13,
    "orderable": true,
    "price": 21.95000076293945,
    "priceWithoutVat": 19.59821496691023,
    "recommendedRetailPrice": null,
    "readableComparisonPrice": "439 kr/kg",
    "discount": null,
    "discountedPrice": 0,
    "size": "50G",
    "weightProduct": false,
    "vat": 12,
    "content": "Ekologisk dadelmass (36,62), ekologisk rissirap, ekologiska HAVREGRYN (16,37%), ekologiskt frystorkat äpple (6,89%), ekologiskt ärtprotein, ekologiska kokosflingor, ekologiskt kakaosmör, ekologisk kanel (0,56%), salt.",
    "nutrition": "Näringsvärde per 100 Gram\nenergi 1601 Kilojoule\nenergi 383 Kilokalori\nfett 12 Gram\nvarav mättat fett 8.1 Gram\nkolhydrat 56 Gram\nvarav sockerarter 41 Gram\nfiber 11 Gram\nprotein 8.8 Gram\nsalt 0.58 Gram",
    "durability": null,
    "recycling": null,
    "detail": null,
    "storage": "Förvaras vid högst 24 °C",
    "combinedNameWithBrand": "Apple & Cinnamon Energibar Moonvalley",
    "averageProductLife": 0,
    "minimumDaysBeforeExpire": 31,
    "averageUnitWeight": 53,
    "weight": 53,
    "isMixable": false,
    "idRequired": 0,
    "tagNames": [],
    "featured": false,
    "campaignRank": 2147483647,
    "availableQuantities": [
      {
        "quantity": 13,
        "quantityKey": "dw-14390"
      },
      {
        "quantity": 13,
        "quantityKey": "dw-14460"
      },
      {
        "quantity": 13,
        "quantityKey": "dw-14468"
      },
      {
        "quantity": 13,
        "quantityKey": "dw-14392"
      },
      {
        "quantity": 13,
        "quantityKey": "dw-14466"
      },
      {
        "quantity": 13,
        "quantityKey": "dw-14444"
      },
      {
        "quantity": 13,
        "quantityKey": "dw-14452"
      },
      {
        "quantity": 13,
        "quantityKey": "dw-14436"
      },
      {
        "quantity": 13,
        "quantityKey": "dw-14400"
      },
      {
        "quantity": 13,
        "quantityKey": "dw-14414"
      },
      {
        "quantity": 13,
        "quantityKey": "dw-14406"
      },
      {
        "quantity": 13,
        "quantityKey": "dw-14416"
      },
      {
        "quantity": 13,
        "quantityKey": "dw-14458"
      },
      {
        "quantity": 13,
        "quantityKey": "dw-14434"
      },
      {
        "quantity": 13,
        "quantityKey": "dw-14398"
      },
      {
        "quantity": 13,
        "quantityKey": "dw-14408"
      },
      {
        "quantity": 13,
        "quantityKey": "dw-14428"
      },
      {
        "quantity": 13,
        "quantityKey": "dw-14474"
      },
      {
        "quantity": 13,
        "quantityKey": "dw-14442"
      },
      {
        "quantity": 13,
        "quantityKey": "default"
      },
      {
        "quantity": 13,
        "quantityKey": "dw-14422"
      },
      {
        "quantity": 13,
        "quantityKey": "dw-14450"
      },
      {
        "quantity": 13,
        "quantityKey": "dw-14426"
      }
    ],
    "emission": 0,
    "allergies": [
      {
        "id": 6,
        "infoSource": null,
        "level": {
          "enumType": "se.mat.mycroft.enums.AllergyLevel",
          "name": "TRACES"
        },
        "substanceName": "Sojabönor"
      },
      {
        "id": 3,
        "infoSource": null,
        "level": {
          "enumType": "se.mat.mycroft.enums.AllergyLevel",
          "name": "TRACES"
        },
        "substanceName": "Ägg"
      },
      {
        "id": 7,
        "infoSource": null,
        "level": {
          "enumType": "se.mat.mycroft.enums.AllergyLevel",
          "name": "TRACES"
        },
        "substanceName": "Mjölk"
      },
      {
        "id": 1,
        "infoSource": null,
        "level": {
          "enumType": "se.mat.mycroft.enums.AllergyLevel",
          "name": "CONTAINS"
        },
        "substanceName": "Gluten"
      }
    ],
    "warehouseProductMappingId": null,
    "productRelationship": {
      "canBeReplacedWithProductIds": [],
      "canBeSubstitutedWithProductIds": [],
      "sameContentProductIds": []
    },
    "soldCount": 56,
    "variety": "",
    "isAgreeWithPersonalTerms": null,
    "hasDeclinedPersonalAgreement": null,
    "probability": null,
    "productCountries": [],
    "productVarieties": [],
    "productBanner": null,
    "isShowOnTopProduct": false,
    "primaryCategoryNamePath": "Mat.se Göteborg/Hälsa & Träning/Bars"
  },
  {
    "id": 94167,
    "dateCreated": "Wed Nov 08 11:04:11 CET 2017",
    "name": "Cashew & Blueberry",
    "showPrice": "16,95  kr",
    "friendlyUrl": "cashew-blueberry-eat-natural-45g",
    "formattedName": "Cashew & Blueberry",
    "ean": "96019955",
    "countryOfOrigin": "SE",
    "translatedCountryName": "Sverige",
    "labelTags": [],
    "hasImage": true,
    "imageUrl": "https://d1hr6nb56yyl1.cloudfront.net/product-images/94167-150.jpg",
    "brand": {
      "id": 5586,
      "name": "Eat Natural"
    },
    "categories": [
      {
        "id": 4336,
        "name": "Bars"
      },
      {
        "id": 11474,
        "name": "Bars"
      }
    ],
    "displayBrand": "Eat Natural",
    "favouriteCount": 108,
    "active": true,
    "inStockQuantity": 19,
    "orderable": true,
    "price": 16.95000076293945,
    "priceWithoutVat": 15.13392925262451,
    "recommendedRetailPrice": null,
    "readableComparisonPrice": "376,67 kr/kg",
    "discount": null,
    "discountedPrice": 0,
    "size": "45g",
    "weightProduct": false,
    "vat": 12,
    "content": "Yoghurtöverdrag 32% (palmkärneolja, socker, VASSLE (MJÖLK), torkad YOGHURT (MJÖLK), emulgeringsmedel; solroslecitin), riven kokos 13%, puffat ris (ris, socker), stärkelsesirap,  CASHEWNÖT 7%, russin 7%, MANDEL 5%, torkad aprikos 5%, honung, torkad tranbär 4% (tranbär, socker, solrosolja), torkad blåbär 2% (blåbär, socker, solrosolja).",
    "nutrition": "Näringsvärde per 100 gram\nEnergi 2015/482 kilojoule/kilokalori\nFett 25.90 gram\nvarav mättat fett 18.20 gram\nKolhydrat 40.30 gram\nvarav sockerarter 22 gram\nFiber 3.90 gram\nProtein 6.30 gram\nSalt 0.03 gram",
    "durability": null,
    "recycling": null,
    "detail": null,
    "storage": "Förvaras vid högst +25°C",
    "combinedNameWithBrand": "Cashew & Blueberry Eat Natural",
    "averageProductLife": 0,
    "minimumDaysBeforeExpire": 31,
    "averageUnitWeight": 0,
    "weight": 46,
    "isMixable": false,
    "idRequired": 0,
    "tagNames": [],
    "featured": false,
    "campaignRank": 244,
    "availableQuantities": [
      {
        "quantity": 19,
        "quantityKey": "dw-14442"
      },
      {
        "quantity": 19,
        "quantityKey": "dw-14436"
      },
      {
        "quantity": 5,
        "quantityKey": "dw-14390"
      },
      {
        "quantity": 19,
        "quantityKey": "dw-14392"
      },
      {
        "quantity": 19,
        "quantityKey": "dw-14434"
      },
      {
        "quantity": 19,
        "quantityKey": "dw-14478"
      },
      {
        "quantity": 19,
        "quantityKey": "dw-14452"
      },
      {
        "quantity": 19,
        "quantityKey": "dw-14460"
      },
      {
        "quantity": 19,
        "quantityKey": "dw-14406"
      },
      {
        "quantity": 19,
        "quantityKey": "dw-14428"
      },
      {
        "quantity": 19,
        "quantityKey": "dw-14398"
      },
      {
        "quantity": 19,
        "quantityKey": "dw-14468"
      },
      {
        "quantity": 19,
        "quantityKey": "dw-14426"
      },
      {
        "quantity": 19,
        "quantityKey": "dw-14444"
      },
      {
        "quantity": 19,
        "quantityKey": "dw-14480"
      },
      {
        "quantity": 19,
        "quantityKey": "dw-14450"
      },
      {
        "quantity": 19,
        "quantityKey": "dw-14466"
      },
      {
        "quantity": 19,
        "quantityKey": "dw-14474"
      },
      {
        "quantity": 19,
        "quantityKey": "dw-14416"
      },
      {
        "quantity": 19,
        "quantityKey": "dw-14400"
      },
      {
        "quantity": 19,
        "quantityKey": "dw-14422"
      },
      {
        "quantity": 19,
        "quantityKey": "dw-14414"
      },
      {
        "quantity": 19,
        "quantityKey": "dw-14408"
      },
      {
        "quantity": 19,
        "quantityKey": "dw-14458"
      },
      {
        "quantity": 19,
        "quantityKey": "default"
      }
    ],
    "emission": 0,
    "allergies": [
      {
        "id": 5,
        "infoSource": null,
        "level": {
          "enumType": "se.mat.mycroft.enums.AllergyLevel",
          "name": "TRACES"
        },
        "substanceName": "Jordnötter"
      },
      {
        "id": 21,
        "infoSource": null,
        "level": {
          "enumType": "se.mat.mycroft.enums.AllergyLevel",
          "name": "CONTAINS"
        },
        "substanceName": "Cashewnöt"
      },
      {
        "id": 18,
        "infoSource": null,
        "level": {
          "enumType": "se.mat.mycroft.enums.AllergyLevel",
          "name": "CONTAINS"
        },
        "substanceName": "Mandel"
      },
      {
        "id": 7,
        "infoSource": null,
        "level": {
          "enumType": "se.mat.mycroft.enums.AllergyLevel",
          "name": "CONTAINS"
        },
        "substanceName": "Mjölk"
      },
      {
        "id": 6,
        "infoSource": null,
        "level": {
          "enumType": "se.mat.mycroft.enums.AllergyLevel",
          "name": "TRACES"
        },
        "substanceName": "Sojabönor"
      },
      {
        "id": 13,
        "infoSource": null,
        "level": {
          "enumType": "se.mat.mycroft.enums.AllergyLevel",
          "name": "TRACES"
        },
        "substanceName": "Sesamfrön"
      }
    ],
    "warehouseProductMappingId": null,
    "productRelationship": {
      "canBeReplacedWithProductIds": [],
      "canBeSubstitutedWithProductIds": [],
      "sameContentProductIds": []
    },
    "soldCount": 531,
    "variety": "",
    "isAgreeWithPersonalTerms": null,
    "hasDeclinedPersonalAgreement": null,
    "probability": null,
    "productCountries": [],
    "productVarieties": [],
    "productBanner": null,
    "isShowOnTopProduct": false,
    "primaryCategoryNamePath": "Mat.se Göteborg/Apoteksvaror/Vitaminer, Hälso- & Kosttillskott/Bars"
  },
  {
    "id": 121764,
    "dateCreated": "Fri Jan 15 09:43:05 CET 2021",
    "name": "Swedish Chocolate Ball EKO",
    "showPrice": "19,95  kr",
    "friendlyUrl": "swedish-chocolate-ball-eko-dig-25g",
    "formattedName": "Swedish Chocolate Ball Eko",
    "ean": "7350066440559",
    "countryOfOrigin": "CZ",
    "translatedCountryName": "Tjeckiska republiken",
    "labelTags": [
      {
        "id": 17,
        "name": "EU-logotype för ekologiska produkter",
        "tag": "eu_eko"
      }
    ],
    "hasImage": true,
    "imageUrl": "https://d1hr6nb56yyl1.cloudfront.net/product-images/121764-150.jpg",
    "brand": {
      "id": 12899,
      "name": "Dig"
    },
    "categories": [
      {
        "id": 11474,
        "name": "Bars"
      },
      {
        "id": 4336,
        "name": "Bars"
      }
    ],
    "displayBrand": "Dig",
    "favouriteCount": 60,
    "active": true,
    "inStockQuantity": 18,
    "orderable": true,
    "price": 19.95,
    "priceWithoutVat": 17.8125,
    "recommendedRetailPrice": null,
    "readableComparisonPrice": "798 kr/kg",
    "discount": null,
    "discountedPrice": 0,
    "size": "25G",
    "weightProduct": false,
    "vat": 12,
    "content": "Glutenfri HAVRE*, kokosnektar*, kakaosmör*, kakaopulver* 10%, solrosolja*, kokos*, kaffe*, havssalt. *Ekologisk/Økologisk. KAN INNEHÅLLA SPÅR AV NÖTTER, SESAM OCH NÖTSKAL.",
    "nutrition": "Näringsvärde per 100 Gram\nenergi 2006 Kilojoule\nenergi 481 Kilokalori\nfett 33 Gram\nvarav mättat fett 16 Gram\nkolhydrat 35 Gram\nvarav sockerarter 16 Gram\nfiber 6 Gram\nprotein 7 Gram\nsalt 0.6 Gram",
    "durability": null,
    "recycling": null,
    "detail": "Swedish Chocolate Ball är gjord på åtta enkla ingredienser, bland annat kakao, kokos, kaffe och sötad med kokosnektar. Perfekt till fikat. Ekologiskt, veganskt och garanterat junk-free!\n\nÖppnad förpackning bör konsumeras inom 3-5 dagar\n\nFörvaras torrt och svalt",
    "storage": "Förvaras torrt och svalt",
    "combinedNameWithBrand": "Swedish Chocolate Ball Eko Dig",
    "averageProductLife": 0,
    "minimumDaysBeforeExpire": 31,
    "averageUnitWeight": 27,
    "weight": 27,
    "isMixable": false,
    "idRequired": 0,
    "tagNames": [],
    "featured": false,
    "campaignRank": 2147483647,
    "availableQuantities": [
      {
        "quantity": 18,
        "quantityKey": "dw-14466"
      },
      {
        "quantity": 2,
        "quantityKey": "dw-14392"
      },
      {
        "quantity": 18,
        "quantityKey": "dw-14414"
      },
      {
        "quantity": 18,
        "quantityKey": "dw-14426"
      },
      {
        "quantity": 18,
        "quantityKey": "dw-14458"
      },
      {
        "quantity": 18,
        "quantityKey": "dw-14478"
      },
      {
        "quantity": 18,
        "quantityKey": "dw-14422"
      },
      {
        "quantity": 18,
        "quantityKey": "dw-14450"
      },
      {
        "quantity": 18,
        "quantityKey": "dw-14408"
      },
      {
        "quantity": 18,
        "quantityKey": "dw-14480"
      },
      {
        "quantity": 2,
        "quantityKey": "dw-14398"
      },
      {
        "quantity": 18,
        "quantityKey": "dw-14444"
      },
      {
        "quantity": 18,
        "quantityKey": "dw-14468"
      },
      {
        "quantity": 18,
        "quantityKey": "dw-14474"
      },
      {
        "quantity": 18,
        "quantityKey": "dw-14460"
      },
      {
        "quantity": 18,
        "quantityKey": "dw-14428"
      },
      {
        "quantity": 18,
        "quantityKey": "dw-14442"
      },
      {
        "quantity": 2,
        "quantityKey": "dw-14406"
      },
      {
        "quantity": 18,
        "quantityKey": "dw-14434"
      },
      {
        "quantity": 18,
        "quantityKey": "default"
      },
      {
        "quantity": 2,
        "quantityKey": "dw-14400"
      },
      {
        "quantity": 18,
        "quantityKey": "dw-14436"
      },
      {
        "quantity": 18,
        "quantityKey": "dw-14416"
      },
      {
        "quantity": 18,
        "quantityKey": "dw-14452"
      },
      {
        "quantity": 2,
        "quantityKey": "dw-14390"
      }
    ],
    "emission": 0,
    "allergies": [
      {
        "id": 10,
        "infoSource": null,
        "level": {
          "enumType": "se.mat.mycroft.enums.AllergyLevel",
          "name": "TRACES"
        },
        "substanceName": "Nötter"
      },
      {
        "id": 13,
        "infoSource": null,
        "level": {
          "enumType": "se.mat.mycroft.enums.AllergyLevel",
          "name": "TRACES"
        },
        "substanceName": "Sesamfrön"
      }
    ],
    "warehouseProductMappingId": null,
    "productRelationship": {
      "canBeReplacedWithProductIds": [],
      "canBeSubstitutedWithProductIds": [],
      "sameContentProductIds": []
    },
    "soldCount": 251,
    "variety": "",
    "isAgreeWithPersonalTerms": null,
    "hasDeclinedPersonalAgreement": null,
    "probability": null,
    "productCountries": [],
    "productVarieties": [],
    "productBanner": null,
    "isShowOnTopProduct": false,
    "primaryCategoryNamePath": "Mat.se Göteborg/Hälsa & Träning/Bars"
  },
  {
    "id": 104528,
    "dateCreated": "Mon Apr 15 09:18:32 CEST 2019",
    "name": "Protein Bar Toffee",
    "showPrice": "21,50  kr",
    "friendlyUrl": "protein-bar-toffee-gainomax-60g",
    "formattedName": "Protein Bar Toffee",
    "ean": "7310861040842",
    "countryOfOrigin": "NL",
    "translatedCountryName": "Nederländerna",
    "labelTags": [],
    "hasImage": true,
    "imageUrl": "https://d1hr6nb56yyl1.cloudfront.net/product-images/104528-150.jpg",
    "brand": {
      "id": 937,
      "name": "Gainomax"
    },
    "categories": [
      {
        "id": 11474,
        "name": "Bars"
      },
      {
        "id": 4336,
        "name": "Bars"
      }
    ],
    "displayBrand": "Gainomax",
    "favouriteCount": 65,
    "active": true,
    "inStockQuantity": 18,
    "orderable": true,
    "price": 21.5,
    "priceWithoutVat": 19.1964285714,
    "recommendedRetailPrice": null,
    "readableComparisonPrice": "358,33 kr/kg",
    "discount": null,
    "discountedPrice": 0,
    "size": "60G",
    "weightProduct": false,
    "vat": 12,
    "content": "Choklad (22 %) (socker, kakaomassa, kakaosmör, emulgeringsmedel SOJALECITIN), MJÖLKPROTEIN, proteinkräm med smak av vanilj (glukossirap, socker, kakaosmör, MJÖLKPROTEIN, HELMJÖLKSPULVER, SOJAOLJA, emulgeringsmedel SOJALECITIN, aromer), hydrolyserat VETEGLUTEN, glukossirap, socker, fuktighetsbevarande medel glycerol, SOJAOLJA, isomaltulos*, fettreducerad kakao, karamell (0,7%) (HELMJÖLKSPULVER, glukossirap, socker), aromer, emulgeringsmedel SOJALECITIN.*isomaltulos är en källa till glukos och fruktos. Kan innehålla spår av VALNÖT, PEKANNÖT, MANDEL, CASHEWNÖT, HASSELNÖT, MACADAMIANÖT, PARANÖT, PISTAGENÖT, JORDNÖT, SESAMFRÖ och ÄGG.",
    "nutrition": "Näringsvärde per 100 Gram\nenergi 1700 Kilojoule\nenergi 400 Kilokalori\nfett 14 Gram\nvarav mättat fett 7 Gram\nkolhydrat 42 Gram\nvarav sockerarter 31 Gram\nprotein 28 Gram\nsalt 0.3 Gram",
    "durability": null,
    "recycling": null,
    "detail": "Proteinbar med 17-19 gram protein och ca 20 gram kolhydrat.   Passar bra efter träning eller som mellanmål.  För dig som har en aktiv livsstil och vill hålla kroppen i form.\n\nHållbarhet och smak garanteras fram till Bäst före datum.  Perfekt både före och efter träning. Mellanmål på språng eller som återhämtning efter träningspass. Proteinbar med 17-20 (28-30%) gram protein och ca 20 gram kolhydrat, bra som mellanmål eller för återhämtning.\n\nFörvaras vid rumstemperatur. Undvik solljus och hög luftfuktighet.",
    "storage": "Förvaras vid rumstemperatur. Undvik solljus och hög luftfuktighet.",
    "combinedNameWithBrand": "Protein Bar Toffee Gainomax",
    "averageProductLife": 0,
    "minimumDaysBeforeExpire": 31,
    "averageUnitWeight": 61,
    "weight": 61,
    "isMixable": false,
    "idRequired": 0,
    "tagNames": [],
    "featured": false,
    "campaignRank": 2147483647,
    "availableQuantities": [
      {
        "quantity": 18,
        "quantityKey": "dw-14444"
      },
      {
        "quantity": 18,
        "quantityKey": "dw-14406"
      },
      {
        "quantity": 18,
        "quantityKey": "default"
      },
      {
        "quantity": 18,
        "quantityKey": "dw-14422"
      },
      {
        "quantity": 18,
        "quantityKey": "dw-14428"
      },
      {
        "quantity": 18,
        "quantityKey": "dw-14408"
      },
      {
        "quantity": 18,
        "quantityKey": "dw-14468"
      },
      {
        "quantity": 18,
        "quantityKey": "dw-14450"
      },
      {
        "quantity": 18,
        "quantityKey": "dw-14474"
      },
      {
        "quantity": 18,
        "quantityKey": "dw-14392"
      },
      {
        "quantity": 18,
        "quantityKey": "dw-14398"
      },
      {
        "quantity": 18,
        "quantityKey": "dw-14458"
      },
      {
        "quantity": 18,
        "quantityKey": "dw-14414"
      },
      {
        "quantity": 18,
        "quantityKey": "dw-14466"
      },
      {
        "quantity": 18,
        "quantityKey": "dw-14460"
      },
      {
        "quantity": 18,
        "quantityKey": "dw-14426"
      },
      {
        "quantity": 18,
        "quantityKey": "dw-14400"
      },
      {
        "quantity": 18,
        "quantityKey": "dw-14390"
      },
      {
        "quantity": 18,
        "quantityKey": "dw-14442"
      },
      {
        "quantity": 18,
        "quantityKey": "dw-14452"
      },
      {
        "quantity": 18,
        "quantityKey": "dw-14436"
      },
      {
        "quantity": 18,
        "quantityKey": "dw-14416"
      },
      {
        "quantity": 18,
        "quantityKey": "dw-14434"
      }
    ],
    "emission": 0,
    "allergies": [
      {
        "id": 13,
        "infoSource": null,
        "level": {
          "enumType": "se.mat.mycroft.enums.AllergyLevel",
          "name": "TRACES"
        },
        "substanceName": "Sesamfrön"
      },
      {
        "id": 6,
        "infoSource": null,
        "level": {
          "enumType": "se.mat.mycroft.enums.AllergyLevel",
          "name": "CONTAINS"
        },
        "substanceName": "Sojabönor"
      },
      {
        "id": 1,
        "infoSource": null,
        "level": {
          "enumType": "se.mat.mycroft.enums.AllergyLevel",
          "name": "CONTAINS"
        },
        "substanceName": "Gluten"
      },
      {
        "id": 10,
        "infoSource": null,
        "level": {
          "enumType": "se.mat.mycroft.enums.AllergyLevel",
          "name": "TRACES"
        },
        "substanceName": "Nötter"
      },
      {
        "id": 7,
        "infoSource": null,
        "level": {
          "enumType": "se.mat.mycroft.enums.AllergyLevel",
          "name": "CONTAINS"
        },
        "substanceName": "Mjölk"
      },
      {
        "id": 5,
        "infoSource": null,
        "level": {
          "enumType": "se.mat.mycroft.enums.AllergyLevel",
          "name": "TRACES"
        },
        "substanceName": "Jordnötter"
      },
      {
        "id": 3,
        "infoSource": null,
        "level": {
          "enumType": "se.mat.mycroft.enums.AllergyLevel",
          "name": "TRACES"
        },
        "substanceName": "Ägg"
      }
    ],
    "warehouseProductMappingId": null,
    "productRelationship": {
      "canBeReplacedWithProductIds": [],
      "canBeSubstitutedWithProductIds": [],
      "sameContentProductIds": []
    },
    "soldCount": 442,
    "variety": "",
    "isAgreeWithPersonalTerms": null,
    "hasDeclinedPersonalAgreement": null,
    "probability": null,
    "productCountries": [],
    "productVarieties": [],
    "productBanner": null,
    "isShowOnTopProduct": false,
    "primaryCategoryNamePath": "Mat.se Göteborg/Hälsa & Träning/Bars"
  },
  {
    "id": 125124,
    "dateCreated": "Fri Apr 09 09:25:15 CEST 2021",
    "name": "Almond Sea Salt Bar",
    "showPrice": "19,95  kr",
    "friendlyUrl": "almond-sea-salt-bar-be-kind-40g",
    "formattedName": "Almond Sea Salt Bar",
    "ean": "602652257780",
    "countryOfOrigin": "US",
    "translatedCountryName": "Amerikas Förenta Stater",
    "labelTags": [],
    "hasImage": true,
    "imageUrl": "https://d1hr6nb56yyl1.cloudfront.net/product-images/125124-150.jpg",
    "brand": {
      "id": 5308,
      "name": "BE-KIND"
    },
    "categories": [
      {
        "id": 11474,
        "name": "Bars"
      },
      {
        "id": 4336,
        "name": "Bars"
      }
    ],
    "displayBrand": "BE-KIND",
    "favouriteCount": 62,
    "active": true,
    "inStockQuantity": 15,
    "orderable": true,
    "price": 19.95,
    "priceWithoutVat": 17.8125,
    "recommendedRetailPrice": null,
    "readableComparisonPrice": "498,75 kr/kg",
    "discount": null,
    "discountedPrice": 0,
    "size": "40G",
    "weightProduct": false,
    "vat": 12,
    "content": "MANDLAR/MANDLER (64%), karamell (16%) (cikoriarot/sikorirot fiber, palmkärnolja/palmekjerneolje, socker/sukker, fettfritt MJÖLKPULVER/MELKEPULVER/MÆLKEPULVER, johannesbrödpulver, salt, naturlig arom/a, emulgeringsmedel (SOJALECITIN/SOYALECITIN), färg/farge/farvestof (annatto)), cikoriarot/sikorirot fiber, honung/honning, glukossirap/glukosesirup, rismjöl/-mel, havssalt (1%), emulgeringsmedel (SOJALECITIN/SOYALECITIN), socker/sukker. KAN INNEHÅLLA/INNEHOLDE/INDEHOLDE SPÅR/SPOR AV NÖTTER/NØTTER/NØDDER, JORDNÖTTER/PEANØTTER/JORDNØDDER, SESAMFRÖN/SESAMFRØ OCH/OG BITAR AV NÖTSKAL/NØTTESKALL/STYKKE AF NØDDESKAL",
    "nutrition": "Näringsvärde per 100 Gram\nenergi 2093 Kilojoule\nenergi 500 Kilokalori\nfett 39 Gram\nvarav mättat fett 7 Gram\nkolhydrat 39 Gram\nvarav sockerarter 13 Gram\nfiber 18 Gram\nprotein 14 Gram\nsalt 0.78 Gram",
    "durability": null,
    "recycling": null,
    "detail": "En härlig blandning av söt kola och havssalt, ringlad över krispiga mandlar\n? 64% nötter\n? glutenfri\n? naturliga ingredienser\n? högt fiberinnehåll\n? plantbaserat protein\"\n\nÄt snarast efter öppning. Förvara inte produkten stående. Ett perfekt mellanmålssnack eller skuldfri njutning.",
    "storage": "Förvaras kyligt och torrt",
    "combinedNameWithBrand": "Almond Sea Salt Bar Be-kind",
    "averageProductLife": 0,
    "minimumDaysBeforeExpire": 31,
    "averageUnitWeight": 41,
    "weight": 41,
    "isMixable": false,
    "idRequired": 0,
    "tagNames": [
      "Nöt",
      "nötbar",
      "Glutenfri",
      "Choklad",
      "godis",
      "snack"
    ],
    "featured": false,
    "campaignRank": 479,
    "availableQuantities": [
      {
        "quantity": 15,
        "quantityKey": "dw-14434"
      },
      {
        "quantity": 15,
        "quantityKey": "dw-14392"
      },
      {
        "quantity": 3,
        "quantityKey": "dw-14390"
      },
      {
        "quantity": 15,
        "quantityKey": "dw-14450"
      },
      {
        "quantity": 15,
        "quantityKey": "dw-14478"
      },
      {
        "quantity": 15,
        "quantityKey": "dw-14460"
      },
      {
        "quantity": 15,
        "quantityKey": "dw-14444"
      },
      {
        "quantity": 15,
        "quantityKey": "dw-14436"
      },
      {
        "quantity": 15,
        "quantityKey": "dw-14400"
      },
      {
        "quantity": 15,
        "quantityKey": "dw-14452"
      },
      {
        "quantity": 15,
        "quantityKey": "dw-14428"
      },
      {
        "quantity": 15,
        "quantityKey": "dw-14474"
      },
      {
        "quantity": 15,
        "quantityKey": "dw-14426"
      },
      {
        "quantity": 15,
        "quantityKey": "dw-14408"
      },
      {
        "quantity": 15,
        "quantityKey": "dw-14458"
      },
      {
        "quantity": 15,
        "quantityKey": "dw-14422"
      },
      {
        "quantity": 15,
        "quantityKey": "dw-14466"
      },
      {
        "quantity": 15,
        "quantityKey": "dw-14480"
      },
      {
        "quantity": 15,
        "quantityKey": "default"
      },
      {
        "quantity": 15,
        "quantityKey": "dw-14398"
      },
      {
        "quantity": 15,
        "quantityKey": "dw-14406"
      },
      {
        "quantity": 15,
        "quantityKey": "dw-14414"
      },
      {
        "quantity": 15,
        "quantityKey": "dw-14442"
      },
      {
        "quantity": 15,
        "quantityKey": "dw-14416"
      },
      {
        "quantity": 15,
        "quantityKey": "dw-14468"
      }
    ],
    "emission": 0,
    "allergies": [
      {
        "id": 5,
        "infoSource": null,
        "level": {
          "enumType": "se.mat.mycroft.enums.AllergyLevel",
          "name": "TRACES"
        },
        "substanceName": "Jordnötter"
      },
      {
        "id": 10,
        "infoSource": null,
        "level": {
          "enumType": "se.mat.mycroft.enums.AllergyLevel",
          "name": "CONTAINS"
        },
        "substanceName": "Nötter"
      },
      {
        "id": 6,
        "infoSource": null,
        "level": {
          "enumType": "se.mat.mycroft.enums.AllergyLevel",
          "name": "CONTAINS"
        },
        "substanceName": "Sojabönor"
      },
      {
        "id": 13,
        "infoSource": null,
        "level": {
          "enumType": "se.mat.mycroft.enums.AllergyLevel",
          "name": "TRACES"
        },
        "substanceName": "Sesamfrön"
      },
      {
        "id": 7,
        "infoSource": null,
        "level": {
          "enumType": "se.mat.mycroft.enums.AllergyLevel",
          "name": "CONTAINS"
        },
        "substanceName": "Mjölk"
      },
      {
        "id": 18,
        "infoSource": null,
        "level": {
          "enumType": "se.mat.mycroft.enums.AllergyLevel",
          "name": "CONTAINS"
        },
        "substanceName": "Mandel"
      }
    ],
    "warehouseProductMappingId": null,
    "productRelationship": {
      "canBeReplacedWithProductIds": [],
      "canBeSubstitutedWithProductIds": [],
      "sameContentProductIds": []
    },
    "soldCount": 262,
    "variety": "",
    "isAgreeWithPersonalTerms": null,
    "hasDeclinedPersonalAgreement": null,
    "probability": null,
    "productCountries": [],
    "productVarieties": [],
    "productBanner": null,
    "isShowOnTopProduct": false,
    "primaryCategoryNamePath": "Mat.se Göteborg/Hälsa & Träning/Bars"
  },
  {
    "id": 125730,
    "dateCreated": "Tue May 04 09:33:34 CEST 2021",
    "name": "Proteinshake Karamell-kaffe",
    "showPrice": "19,95  kr",
    "friendlyUrl": "proteinshake-karamell-kaffe-alpro-250ml",
    "formattedName": "Proteinshake Karamell-kaffe",
    "ean": "5411188133490",
    "countryOfOrigin": "BE",
    "translatedCountryName": "Belgien",
    "labelTags": [
      {
        "id": 14,
        "name": "Särnär fri från gluten",
        "tag": "fri_gluten"
      },
      {
        "id": 15,
        "name": "Särnär fri från laktos",
        "tag": "fri_laktos"
      }
    ],
    "hasImage": true,
    "imageUrl": "https://d1hr6nb56yyl1.cloudfront.net/product-images/125730-150.jpg",
    "brand": {
      "id": 1031,
      "name": "ALPRO"
    },
    "categories": [
      {
        "id": 9938,
        "name": "Soja"
      },
      {
        "id": 10262,
        "name": "Milkshake"
      },
      {
        "id": 11478,
        "name": "Proteindryck"
      },
      {
        "id": 9230,
        "name": "Proteintillskott"
      }
    ],
    "displayBrand": "ALPRO",
    "favouriteCount": 61,
    "active": true,
    "inStockQuantity": 24,
    "orderable": true,
    "price": 19.95,
    "priceWithoutVat": 17.8125,
    "recommendedRetailPrice": null,
    "readableComparisonPrice": "79,80 kr/l",
    "discount": null,
    "discountedPrice": 0,
    "size": "250ml",
    "weightProduct": false,
    "vat": 12,
    "content": "SOJABAS (vatten/vann/vand, skalade/afskallede SOJABÖNOR/SOYABØNNER (12,2%)), karamelliserat socker (5%), ärt/ert/ærteprotein, kaffeextrakt (0,2%), socker, havssalt, kalciumkarbonat, stabiliseringsmedel/middel (gellangummi), surhetsreglerande medel/ middel (kaliumfosfater), aromer, vitaminer (B2, B12, D2)",
    "nutrition": "Näringsvärde per 100 millilitrer\nEnergi 71/299 kilokalori/kilojoule\nFett 2.8 gram\nvarav mättat fett 0.5 gram\nKolhydrat 5.1 gram\nvarav sockerarter 4.9 gram\nFiber 1.0 gram\nProtein 6.0 gram\nSalt 0.15 gram\nKalcium 120 milligram 15% av RDI\nVitamin B12 0.38 mikrogram 15% av RDI\nVitamin D 0.75 mikrogram 15% av RDI\nRiboflavin 0.21 milligram 15% av RDI",
    "durability": null,
    "recycling": null,
    "detail": "Växtbaserad proteinshake från Alpro. Även en källa till kalcium och vitaminer. Helt fri från konstgjorda färger och konserveringsmedel.",
    "storage": "Förvaras vid högst +7°C",
    "combinedNameWithBrand": "Proteinshake Karamell-kaffe Alpro",
    "averageProductLife": 193.7,
    "minimumDaysBeforeExpire": 31,
    "averageUnitWeight": 0,
    "weight": 261,
    "isMixable": false,
    "idRequired": 0,
    "tagNames": [
      "shake.protein.växtbaserad.protein.växtbaserad.shake.\r\nväxtbaserad",
      "Protein",
      "shake.plantbaserad",
      "protein.karamell",
      "kaffe."
    ],
    "featured": false,
    "campaignRank": 2147483647,
    "availableQuantities": [
      {
        "quantity": 24,
        "quantityKey": "dw-14436"
      },
      {
        "quantity": 24,
        "quantityKey": "dw-14452"
      },
      {
        "quantity": 24,
        "quantityKey": "dw-14398"
      },
      {
        "quantity": 24,
        "quantityKey": "dw-14458"
      },
      {
        "quantity": 24,
        "quantityKey": "dw-14400"
      },
      {
        "quantity": 24,
        "quantityKey": "dw-14406"
      },
      {
        "quantity": 24,
        "quantityKey": "dw-14408"
      },
      {
        "quantity": 24,
        "quantityKey": "dw-14444"
      },
      {
        "quantity": 24,
        "quantityKey": "dw-14390"
      },
      {
        "quantity": 24,
        "quantityKey": "dw-14474"
      },
      {
        "quantity": 24,
        "quantityKey": "dw-14460"
      },
      {
        "quantity": 24,
        "quantityKey": "dw-14392"
      },
      {
        "quantity": 24,
        "quantityKey": "dw-14422"
      },
      {
        "quantity": 24,
        "quantityKey": "dw-14466"
      },
      {
        "quantity": 24,
        "quantityKey": "default"
      },
      {
        "quantity": 24,
        "quantityKey": "dw-14426"
      },
      {
        "quantity": 24,
        "quantityKey": "dw-14428"
      },
      {
        "quantity": 24,
        "quantityKey": "dw-14416"
      },
      {
        "quantity": 24,
        "quantityKey": "dw-14468"
      },
      {
        "quantity": 24,
        "quantityKey": "dw-14442"
      },
      {
        "quantity": 24,
        "quantityKey": "dw-14434"
      },
      {
        "quantity": 24,
        "quantityKey": "dw-14414"
      },
      {
        "quantity": 24,
        "quantityKey": "dw-14450"
      }
    ],
    "emission": 0,
    "allergies": [
      {
        "id": 6,
        "infoSource": null,
        "level": {
          "enumType": "se.mat.mycroft.enums.AllergyLevel",
          "name": "CONTAINS"
        },
        "substanceName": "Sojabönor"
      }
    ],
    "warehouseProductMappingId": null,
    "productRelationship": {
      "canBeReplacedWithProductIds": [],
      "canBeSubstitutedWithProductIds": [],
      "sameContentProductIds": []
    },
    "soldCount": 311,
    "variety": "",
    "isAgreeWithPersonalTerms": null,
    "hasDeclinedPersonalAgreement": null,
    "probability": null,
    "productCountries": [],
    "productVarieties": [],
    "productBanner": null,
    "isShowOnTopProduct": false,
    "primaryCategoryNamePath": "Mat.se Göteborg/Mejeri, Juice & Ägg/Mjölkfritt/Soja"
  },
  {
    "id": 125126,
    "dateCreated": "Fri Apr 09 09:25:26 CEST 2021",
    "name": "Dark Choco",
    "showPrice": "19,95  kr",
    "friendlyUrl": "dark-choco-be-kind-40g",
    "formattedName": "Dark Choco",
    "ean": "5000159528481",
    "countryOfOrigin": "AT",
    "translatedCountryName": "Österrike",
    "labelTags": [
      {
        "id": 14,
        "name": "Särnär fri från gluten",
        "tag": "fri_gluten"
      }
    ],
    "hasImage": true,
    "imageUrl": "https://d1hr6nb56yyl1.cloudfront.net/product-images/125126-150.jpg",
    "brand": {
      "id": 5308,
      "name": "BE-KIND"
    },
    "categories": [
      {
        "id": 4336,
        "name": "Bars"
      },
      {
        "id": 11474,
        "name": "Bars"
      }
    ],
    "displayBrand": "BE-KIND",
    "favouriteCount": 35,
    "active": true,
    "inStockQuantity": 0,
    "orderable": true,
    "price": 19.95000076293945,
    "priceWithoutVat": 17.81250068119594,
    "recommendedRetailPrice": null,
    "readableComparisonPrice": "498,75 kr/kg",
    "discount": null,
    "discountedPrice": 0,
    "size": "40g",
    "weightProduct": false,
    "vat": 12,
    "content": "MANDLAR, JORDNÖTTER, mörk chokladöverdrag (palmkärnolja, cikoriarotfiber, socker, kakaopulver,\nemulgeringsmedel (SOJALECITIN), naturligt aromämne, salt), cikoriarotfiber, honung, glukossirap, rismjöl, kakaomassa, havssalt,\nsocker, emulgeringsmedel (SOJALECITIN), kakaosmör, naturligt aromämne. (Kan innehålla: MJÖLK, SESAMFRÖN och andra NÖTTER).",
    "nutrition": "Näringsvärde per 100 gram\nEnergi 2156/515 kilojoule/kilokalori\nFett 36 gram\nvarav mättat fett 7.4 gram\nKolhydrat 23 gram\nvarav sockerarter 15 gram\nFiber 17 gram\nProtein 16 gram\nSalt 0.78 gram",
    "durability": null,
    "recycling": null,
    "detail": null,
    "storage": "Förvaras svalt och torrt",
    "combinedNameWithBrand": "Dark Choco Be-kind",
    "averageProductLife": 0,
    "minimumDaysBeforeExpire": 31,
    "averageUnitWeight": 0,
    "weight": 41,
    "isMixable": false,
    "idRequired": 0,
    "tagNames": [],
    "featured": false,
    "campaignRank": 476,
    "availableQuantities": [
      {
        "quantity": 0,
        "quantityKey": "default"
      }
    ],
    "emission": 0,
    "allergies": [
      {
        "id": 18,
        "infoSource": null,
        "level": {
          "enumType": "se.mat.mycroft.enums.AllergyLevel",
          "name": "CONTAINS"
        },
        "substanceName": "Mandel"
      },
      {
        "id": 7,
        "infoSource": null,
        "level": {
          "enumType": "se.mat.mycroft.enums.AllergyLevel",
          "name": "TRACES"
        },
        "substanceName": "Mjölk"
      },
      {
        "id": 6,
        "infoSource": null,
        "level": {
          "enumType": "se.mat.mycroft.enums.AllergyLevel",
          "name": "CONTAINS"
        },
        "substanceName": "Sojabönor"
      },
      {
        "id": 13,
        "infoSource": null,
        "level": {
          "enumType": "se.mat.mycroft.enums.AllergyLevel",
          "name": "TRACES"
        },
        "substanceName": "Sesamfrön"
      },
      {
        "id": 10,
        "infoSource": null,
        "level": {
          "enumType": "se.mat.mycroft.enums.AllergyLevel",
          "name": "CONTAINS"
        },
        "substanceName": "Nötter"
      },
      {
        "id": 5,
        "infoSource": null,
        "level": {
          "enumType": "se.mat.mycroft.enums.AllergyLevel",
          "name": "CONTAINS"
        },
        "substanceName": "Jordnötter"
      }
    ],
    "warehouseProductMappingId": null,
    "productRelationship": {
      "canBeReplacedWithProductIds": [],
      "canBeSubstitutedWithProductIds": [],
      "sameContentProductIds": []
    },
    "soldCount": 215,
    "variety": "",
    "isAgreeWithPersonalTerms": null,
    "hasDeclinedPersonalAgreement": null,
    "probability": null,
    "productCountries": [],
    "productVarieties": [],
    "productBanner": null,
    "isShowOnTopProduct": false,
    "primaryCategoryNamePath": "Mat.se Göteborg/Apoteksvaror/Vitaminer, Hälso- & Kosttillskott/Bars"
  },
  {
    "id": 128370,
    "dateCreated": "Wed Sep 01 13:51:34 CEST 2021",
    "name": "Chocolate Seasalt Bar",
    "showPrice": "21,95  kr",
    "friendlyUrl": "chocolate-seasalt-bar-moonvalley-50g",
    "formattedName": "Chocolate Seasalt Bar",
    "ean": "7350102860129",
    "countryOfOrigin": "SE",
    "translatedCountryName": "Sverige",
    "labelTags": [
      {
        "id": 17,
        "name": "EU-logotype för ekologiska produkter",
        "tag": "eu_eko"
      }
    ],
    "hasImage": true,
    "imageUrl": "https://d1hr6nb56yyl1.cloudfront.net/product-images/128370-150.jpg",
    "brand": {
      "id": 13239,
      "name": "Moonvalley"
    },
    "categories": [
      {
        "id": 11474,
        "name": "Bars"
      },
      {
        "id": 4336,
        "name": "Bars"
      }
    ],
    "displayBrand": "Moonvalley",
    "favouriteCount": 21,
    "active": true,
    "inStockQuantity": 23,
    "orderable": true,
    "price": 21.95,
    "priceWithoutVat": 19.5982142857,
    "recommendedRetailPrice": null,
    "readableComparisonPrice": "439 kr/kg",
    "discount": null,
    "discountedPrice": 0,
    "size": "50G",
    "weightProduct": false,
    "vat": 12,
    "content": "Ekologisk dadelmass (37,09), ekologisk rissirap, ekologiska HAVREGRYN (16,58%)), ekologiskt ärtprotein, ekologiska kokosflingor, ekologiskt kakaosmör, ekologisk kakaopulver (5,24%), havssalt (0,52%).",
    "nutrition": "Näringsvärde per 100 Gram\nenergi 1579 Kilojoule\nenergi 377 Kilokalori\nfett 13 Gram\nvarav mättat fett 8.5 Gram\nkolhydrat 52 Gram\nvarav sockerarter 36 Gram\nfiber 12 Gram\nprotein 10 Gram\nsalt 0.93 Gram",
    "durability": null,
    "recycling": null,
    "detail": null,
    "storage": "Förvaras vid högst 24 °C",
    "combinedNameWithBrand": "Chocolate Seasalt Bar Moonvalley",
    "averageProductLife": 0,
    "minimumDaysBeforeExpire": 31,
    "averageUnitWeight": 53,
    "weight": 53,
    "isMixable": false,
    "idRequired": 0,
    "tagNames": [],
    "featured": false,
    "campaignRank": 2147483647,
    "availableQuantities": [
      {
        "quantity": 23,
        "quantityKey": "dw-14416"
      },
      {
        "quantity": 23,
        "quantityKey": "dw-14434"
      },
      {
        "quantity": 23,
        "quantityKey": "dw-14474"
      },
      {
        "quantity": 23,
        "quantityKey": "dw-14458"
      },
      {
        "quantity": 23,
        "quantityKey": "dw-14466"
      },
      {
        "quantity": 23,
        "quantityKey": "dw-14414"
      },
      {
        "quantity": 23,
        "quantityKey": "dw-14406"
      },
      {
        "quantity": 23,
        "quantityKey": "dw-14444"
      },
      {
        "quantity": 23,
        "quantityKey": "dw-14436"
      },
      {
        "quantity": 23,
        "quantityKey": "dw-14398"
      },
      {
        "quantity": 23,
        "quantityKey": "dw-14428"
      },
      {
        "quantity": 23,
        "quantityKey": "dw-14442"
      },
      {
        "quantity": 23,
        "quantityKey": "default"
      },
      {
        "quantity": 23,
        "quantityKey": "dw-14392"
      },
      {
        "quantity": 23,
        "quantityKey": "dw-14452"
      },
      {
        "quantity": 23,
        "quantityKey": "dw-14390"
      },
      {
        "quantity": 23,
        "quantityKey": "dw-14400"
      },
      {
        "quantity": 23,
        "quantityKey": "dw-14426"
      },
      {
        "quantity": 23,
        "quantityKey": "dw-14478"
      },
      {
        "quantity": 23,
        "quantityKey": "dw-14422"
      },
      {
        "quantity": 23,
        "quantityKey": "dw-14468"
      },
      {
        "quantity": 23,
        "quantityKey": "dw-14408"
      },
      {
        "quantity": 23,
        "quantityKey": "dw-14460"
      },
      {
        "quantity": 23,
        "quantityKey": "dw-14450"
      },
      {
        "quantity": 23,
        "quantityKey": "dw-14480"
      }
    ],
    "emission": 0,
    "allergies": [
      {
        "id": 7,
        "infoSource": null,
        "level": {
          "enumType": "se.mat.mycroft.enums.AllergyLevel",
          "name": "TRACES"
        },
        "substanceName": "Mjölk"
      },
      {
        "id": 6,
        "infoSource": null,
        "level": {
          "enumType": "se.mat.mycroft.enums.AllergyLevel",
          "name": "TRACES"
        },
        "substanceName": "Sojabönor"
      },
      {
        "id": 3,
        "infoSource": null,
        "level": {
          "enumType": "se.mat.mycroft.enums.AllergyLevel",
          "name": "TRACES"
        },
        "substanceName": "Ägg"
      },
      {
        "id": 1,
        "infoSource": null,
        "level": {
          "enumType": "se.mat.mycroft.enums.AllergyLevel",
          "name": "CONTAINS"
        },
        "substanceName": "Gluten"
      }
    ],
    "warehouseProductMappingId": null,
    "productRelationship": {
      "canBeReplacedWithProductIds": [],
      "canBeSubstitutedWithProductIds": [],
      "sameContentProductIds": []
    },
    "soldCount": 116,
    "variety": "",
    "isAgreeWithPersonalTerms": null,
    "hasDeclinedPersonalAgreement": null,
    "probability": null,
    "productCountries": [],
    "productVarieties": [],
    "productBanner": null,
    "isShowOnTopProduct": false,
    "primaryCategoryNamePath": "Mat.se Göteborg/Hälsa & Träning/Bars"
  },
  {
    "id": 124954,
    "dateCreated": "Mon Apr 12 14:01:16 CEST 2021",
    "name": "Salty Caramello Cookie Protein Bar",
    "showPrice": "22,50  kr",
    "friendlyUrl": "salty-caramello-cookie-protein-bar-njie-55g",
    "formattedName": "Salty Caramello Cookie Protein Bar",
    "ean": "7350068295522",
    "countryOfOrigin": "DE",
    "translatedCountryName": "Tyskland",
    "labelTags": [],
    "hasImage": true,
    "imageUrl": "https://d1hr6nb56yyl1.cloudfront.net/product-images/124954-150.jpg",
    "brand": {
      "id": 13382,
      "name": "Propud"
    },
    "categories": [
      {
        "id": 4336,
        "name": "Bars"
      },
      {
        "id": 11474,
        "name": "Bars"
      }
    ],
    "displayBrand": "Propud",
    "favouriteCount": 73,
    "active": true,
    "inStockQuantity": 8,
    "orderable": true,
    "price": 22.5,
    "priceWithoutVat": 20.0892857143,
    "recommendedRetailPrice": null,
    "readableComparisonPrice": "409,09 kr/kg",
    "discount": null,
    "discountedPrice": 0,
    "size": "55G",
    "weightProduct": false,
    "vat": 12,
    "content": "MJÖLK/MELKE/MÆLKEPROTEIN, sötningsmedel/ søtstoffer (maltitol), fuktighetsbevarande medel (glycerol), MANDELPASTA, kollagenpeptider (från nöt/biff/okse), kakbitar (8,4%) (sötningsmedel/søtstoffer (maltitol, isomalt, erytitrol), potatisstärkelse, majsmjöl, SMÖR/SMØR, rismjöl, modifierad potatisstärkelse, tapiokastärkelse, aromer, salt, bakpulver (natriumkarbonater)), kakaosmör, HELMJÖLK/MELK/MÆLKSPULVER, polydextrossirap (polydextros, vatten), karamell (3,2%)(sötningsmedel/søtstoffer (sorbitol), kokosnötsolja, dextrin (VETE), fuktighetsbevarande medel (glycerol), SKUMMJÖLK/SKUMMETMELK/SKUMMETMÆLKSPULVER, vatten, emulgeringsmedel/emulgator (mono- och diglycerider av fettsyror), salt, surhetsreglerande medel (natriumcitrater), aromer), kakaopasta, fettreducerad kakao, SMÖR/SMØRFETT, salt (0,2%), aromer, emulgeringsmedel/emulgator (SOJA/SOYALECITIN), sötningsmedel/søtstoffer (aspartam, acesulfam K). Innehåller en källa/kilde till fenylalanin/Indeholder en phenylalaninkilde. Innehåller naturligt förekommande socker/Med et naturlig innhold av sukker. Kan innehålla spår/spor av ÄGG/EGG/ÆG, ANDRA NÖTTER/NØTTER/NØDDER och SESAM/SESAMFRØ. Innehåller/ holder polyoler.",
    "nutrition": "Näringsvärde per 100 Gram\nenergi 1658 Kilojoule\nenergi 397 Kilokalori\nfett 18 Gram\nvarav mättat fett 8.5 Gram\nkolhydrat 34 Gram\nvarav sockerarter 3.3 Gram\nsockeralkoholer 26 Gram\nprotein 33 Gram\nsalt 0.48 Gram",
    "durability": null,
    "recycling": null,
    "detail": "ProPud Protein Bar Salty Caramello Cookie - en proteinbar med salt karamell, strösslad med kakbitar samt överdrag av mjölkchoklad  Utan tillsatt socker och 18 gram protein per bar. Utan palmolja.\n\nFörvaras torrt i rumstemperatur.",
    "storage": "Förvaras torrt i rumstemperatur.",
    "combinedNameWithBrand": "Salty Caramello Cookie Protein Bar Propud",
    "averageProductLife": 0,
    "minimumDaysBeforeExpire": 31,
    "averageUnitWeight": 56,
    "weight": 56,
    "isMixable": false,
    "idRequired": 0,
    "tagNames": [],
    "featured": false,
    "campaignRank": 145,
    "availableQuantities": [
      {
        "quantity": 8,
        "quantityKey": "dw-14452"
      },
      {
        "quantity": 8,
        "quantityKey": "dw-14390"
      },
      {
        "quantity": 8,
        "quantityKey": "dw-14460"
      },
      {
        "quantity": 8,
        "quantityKey": "default"
      },
      {
        "quantity": 8,
        "quantityKey": "dw-14428"
      },
      {
        "quantity": 8,
        "quantityKey": "dw-14400"
      },
      {
        "quantity": 8,
        "quantityKey": "dw-14442"
      },
      {
        "quantity": 8,
        "quantityKey": "dw-14416"
      },
      {
        "quantity": 8,
        "quantityKey": "dw-14408"
      },
      {
        "quantity": 8,
        "quantityKey": "dw-14422"
      },
      {
        "quantity": 8,
        "quantityKey": "dw-14468"
      },
      {
        "quantity": 8,
        "quantityKey": "dw-14398"
      },
      {
        "quantity": 8,
        "quantityKey": "dw-14406"
      },
      {
        "quantity": 8,
        "quantityKey": "dw-14434"
      },
      {
        "quantity": 8,
        "quantityKey": "dw-14474"
      },
      {
        "quantity": 8,
        "quantityKey": "dw-14436"
      },
      {
        "quantity": 8,
        "quantityKey": "dw-14444"
      },
      {
        "quantity": 8,
        "quantityKey": "dw-14466"
      },
      {
        "quantity": 8,
        "quantityKey": "dw-14458"
      },
      {
        "quantity": 8,
        "quantityKey": "dw-14414"
      },
      {
        "quantity": 8,
        "quantityKey": "dw-14426"
      },
      {
        "quantity": 8,
        "quantityKey": "dw-14392"
      },
      {
        "quantity": 8,
        "quantityKey": "dw-14450"
      }
    ],
    "emission": 0,
    "allergies": [
      {
        "id": 1,
        "infoSource": null,
        "level": {
          "enumType": "se.mat.mycroft.enums.AllergyLevel",
          "name": "CONTAINS"
        },
        "substanceName": "Gluten"
      },
      {
        "id": 13,
        "infoSource": null,
        "level": {
          "enumType": "se.mat.mycroft.enums.AllergyLevel",
          "name": "TRACES"
        },
        "substanceName": "Sesamfrön"
      },
      {
        "id": 6,
        "infoSource": null,
        "level": {
          "enumType": "se.mat.mycroft.enums.AllergyLevel",
          "name": "CONTAINS"
        },
        "substanceName": "Sojabönor"
      },
      {
        "id": 10,
        "infoSource": null,
        "level": {
          "enumType": "se.mat.mycroft.enums.AllergyLevel",
          "name": "CONTAINS"
        },
        "substanceName": "Nötter"
      },
      {
        "id": 7,
        "infoSource": null,
        "level": {
          "enumType": "se.mat.mycroft.enums.AllergyLevel",
          "name": "CONTAINS"
        },
        "substanceName": "Mjölk"
      },
      {
        "id": 3,
        "infoSource": null,
        "level": {
          "enumType": "se.mat.mycroft.enums.AllergyLevel",
          "name": "TRACES"
        },
        "substanceName": "Ägg"
      }
    ],
    "warehouseProductMappingId": null,
    "productRelationship": {
      "canBeReplacedWithProductIds": [],
      "canBeSubstitutedWithProductIds": [],
      "sameContentProductIds": []
    },
    "soldCount": 336,
    "variety": "",
    "isAgreeWithPersonalTerms": null,
    "hasDeclinedPersonalAgreement": null,
    "probability": null,
    "productCountries": [],
    "productVarieties": [],
    "productBanner": null,
    "isShowOnTopProduct": false,
    "primaryCategoryNamePath": "Mat.se Göteborg/Apoteksvaror/Vitaminer, Hälso- & Kosttillskott/Bars"
  },
  {
    "id": 125728,
    "dateCreated": "Tue May 04 09:33:34 CEST 2021",
    "name": "Proteinshake Choklad",
    "showPrice": "19,95  kr",
    "friendlyUrl": "proteinshake-choklad-alpro-250ml",
    "formattedName": "Proteinshake Choklad",
    "ean": "5411188133476",
    "countryOfOrigin": "BE",
    "translatedCountryName": "Belgien",
    "labelTags": [
      {
        "id": 14,
        "name": "Särnär fri från gluten",
        "tag": "fri_gluten"
      },
      {
        "id": 15,
        "name": "Särnär fri från laktos",
        "tag": "fri_laktos"
      }
    ],
    "hasImage": true,
    "imageUrl": "https://d1hr6nb56yyl1.cloudfront.net/product-images/125728-150.jpg",
    "brand": {
      "id": 1031,
      "name": "ALPRO"
    },
    "categories": [
      {
        "id": 9230,
        "name": "Proteintillskott"
      },
      {
        "id": 11478,
        "name": "Proteindryck"
      },
      {
        "id": 9938,
        "name": "Soja"
      },
      {
        "id": 10262,
        "name": "Milkshake"
      }
    ],
    "displayBrand": "ALPRO",
    "favouriteCount": 75,
    "active": true,
    "inStockQuantity": 17,
    "orderable": true,
    "price": 19.95,
    "priceWithoutVat": 17.8125,
    "recommendedRetailPrice": null,
    "readableComparisonPrice": "79,80 kr/l",
    "discount": null,
    "discountedPrice": 0,
    "size": "250ml",
    "weightProduct": false,
    "vat": 12,
    "content": "SOJABAS (vatten/vann/vand, skalade/afskallede SOJABÖNOR/SOYABØNNER (12%)), socker/sukker, fettreducerat kakaopulver (1,6%), ärt/ert/ærteprotein, havssalt, kalciumkarbonat, stabiliseringsmedel/mid-del (gellangummi), surhetsreglerande medel/ middel (kaliumfosfater), aromer, vitaminer (B2, D2).",
    "nutrition": "Näringsvärde per 100 millilitrer\nEnergi 74/311 kilokalori/kilojoule\nFett 2.9 gram\nvarav mättat fett 0.6 gram\nKolhydrat 5.2 gram\nvarav sockerarter 4.9 gram\nFiber 1.4 gram\nProtein 6.0 gram\nSalt 0.19 gram\nKalcium 120 milligram 15% av RDI\nVitamin D 0.75 mikrogram 15% av RDI\nRiboflavin 0.21 milligram 15% av RDI",
    "durability": null,
    "recycling": null,
    "detail": "Växtbaserad proteinshake från Alpro. Även en källa till kalcium och vitaminer. Helt fri från konstgjorda färger och konserveringsmedel.",
    "storage": "Förvaras vid högst +7°C",
    "combinedNameWithBrand": "Proteinshake Choklad Alpro",
    "averageProductLife": 202.7,
    "minimumDaysBeforeExpire": 31,
    "averageUnitWeight": 0,
    "weight": 262,
    "isMixable": false,
    "idRequired": 0,
    "tagNames": [
      "shake.protein.växtbaserad.protein",
      "protein.choklad.",
      "shake.",
      "shake.plantbaserad",
      "växtbaserad",
      "Protein"
    ],
    "featured": false,
    "campaignRank": 2147483647,
    "availableQuantities": [
      {
        "quantity": 17,
        "quantityKey": "dw-14444"
      },
      {
        "quantity": 2,
        "quantityKey": "dw-14390"
      },
      {
        "quantity": 17,
        "quantityKey": "dw-14478"
      },
      {
        "quantity": 17,
        "quantityKey": "dw-14442"
      },
      {
        "quantity": 17,
        "quantityKey": "dw-14468"
      },
      {
        "quantity": 17,
        "quantityKey": "dw-14408"
      },
      {
        "quantity": 17,
        "quantityKey": "dw-14416"
      },
      {
        "quantity": 17,
        "quantityKey": "dw-14428"
      },
      {
        "quantity": 17,
        "quantityKey": "dw-14450"
      },
      {
        "quantity": 17,
        "quantityKey": "dw-14466"
      },
      {
        "quantity": 2,
        "quantityKey": "dw-14392"
      },
      {
        "quantity": 17,
        "quantityKey": "dw-14458"
      },
      {
        "quantity": 17,
        "quantityKey": "dw-14474"
      },
      {
        "quantity": 2,
        "quantityKey": "dw-14400"
      },
      {
        "quantity": 2,
        "quantityKey": "dw-14406"
      },
      {
        "quantity": 17,
        "quantityKey": "dw-14460"
      },
      {
        "quantity": 17,
        "quantityKey": "dw-14422"
      },
      {
        "quantity": 17,
        "quantityKey": "default"
      },
      {
        "quantity": 17,
        "quantityKey": "dw-14436"
      },
      {
        "quantity": 17,
        "quantityKey": "dw-14434"
      },
      {
        "quantity": 17,
        "quantityKey": "dw-14452"
      },
      {
        "quantity": 17,
        "quantityKey": "dw-14414"
      },
      {
        "quantity": 17,
        "quantityKey": "dw-14426"
      },
      {
        "quantity": 17,
        "quantityKey": "dw-14480"
      },
      {
        "quantity": 2,
        "quantityKey": "dw-14398"
      }
    ],
    "emission": 0,
    "allergies": [
      {
        "id": 6,
        "infoSource": null,
        "level": {
          "enumType": "se.mat.mycroft.enums.AllergyLevel",
          "name": "CONTAINS"
        },
        "substanceName": "Sojabönor"
      }
    ],
    "warehouseProductMappingId": null,
    "productRelationship": {
      "canBeReplacedWithProductIds": [],
      "canBeSubstitutedWithProductIds": [],
      "sameContentProductIds": []
    },
    "soldCount": 421,
    "variety": "",
    "isAgreeWithPersonalTerms": null,
    "hasDeclinedPersonalAgreement": null,
    "probability": null,
    "productCountries": [],
    "productVarieties": [],
    "productBanner": null,
    "isShowOnTopProduct": false,
    "primaryCategoryNamePath": "Mat.se Göteborg/Apoteksvaror/Vitaminer, Hälso- & Kosttillskott/Proteintillskott"
  },
  {
    "id": 122636,
    "dateCreated": "Thu Feb 18 11:05:18 CET 2021",
    "name": "Soft toffee",
    "showPrice": "11,95  kr",
    "friendlyUrl": "soft-toffee-nicks-28g-1",
    "formattedName": "Soft Toffee",
    "ean": "7350104401092",
    "countryOfOrigin": "BG",
    "translatedCountryName": "Bulgarien",
    "labelTags": [
      {
        "id": 14,
        "name": "Särnär fri från gluten",
        "tag": "fri_gluten"
      }
    ],
    "hasImage": true,
    "imageUrl": "https://d1hr6nb56yyl1.cloudfront.net/product-images/122636-150.jpg",
    "brand": {
      "id": 4667,
      "name": "nicks"
    },
    "categories": [
      {
        "id": 4336,
        "name": "Bars"
      },
      {
        "id": 11474,
        "name": "Bars"
      }
    ],
    "displayBrand": "nicks",
    "favouriteCount": 100,
    "active": true,
    "inStockQuantity": 15,
    "orderable": true,
    "price": 11.94999980926514,
    "priceWithoutVat": 10.66964268684387,
    "recommendedRetailPrice": null,
    "readableComparisonPrice": "426,79 kr/kg",
    "discount": null,
    "discountedPrice": 0,
    "size": "28g",
    "weightProduct": false,
    "vat": 12,
    "content": "Sötningsmedel: erytritol, kakaosmör, MJÖLK/MÆLKpulver, polydextros (fiber), löslig/oppløselig majsfiber, kakaomassa, cikoriarotfiber, sötningsmedel: sorbitol, vegetabilisk olja (kokos, shea), fuktighetsbevarande medel: veg. glycerol, SMÖR (MJÖLK/MÆLK), sötningsmedel: xylitol, emulgeringsmedel: solros/solsikkelecitin, naturlig arom, salt, sötningsmedel: steviolglykosider. Kan innehålla spår av SESAM, JORDNÖTTER/PEANØTTER/JORDNØDDER och NÖTTER/NØTTER/ NØDDER.",
    "nutrition": "Näringsvärde per 100 gram\nEnergi 1570/375 kilojoule/kilokalori\nFett 29.8 gram\nvarav mättat fett 17.6 gram\nKolhydrat 33.8 gram\nvarav sockerarter 7.1 gram\nvarav polyoler 22.8 gram\nFiber 21.9 gram\nProtein 5.4 gram\nSalt 0.36 gram",
    "durability": null,
    "recycling": null,
    "detail": "Soft karamell doppad i mjölkchoklad. Passande för lågkolhydratskost, keto, diabetes, glutenintolerans men främst för alla som vill njuta och må bra på samma gång. No added sugar, no palm oil, no gluten, just joy.\n\nUtan tillsatt socker",
    "storage": "Förvaras torrt & svalt: <30°C",
    "combinedNameWithBrand": "Soft Toffee Nicks",
    "averageProductLife": 0,
    "minimumDaysBeforeExpire": 31,
    "averageUnitWeight": 0,
    "weight": 30,
    "isMixable": false,
    "idRequired": 0,
    "tagNames": [],
    "featured": false,
    "campaignRank": 253,
    "availableQuantities": [
      {
        "quantity": 15,
        "quantityKey": "dw-14426"
      },
      {
        "quantity": 15,
        "quantityKey": "dw-14436"
      },
      {
        "quantity": 15,
        "quantityKey": "dw-14458"
      },
      {
        "quantity": 15,
        "quantityKey": "dw-14466"
      },
      {
        "quantity": 15,
        "quantityKey": "dw-14408"
      },
      {
        "quantity": 15,
        "quantityKey": "dw-14422"
      },
      {
        "quantity": 15,
        "quantityKey": "dw-14450"
      },
      {
        "quantity": 15,
        "quantityKey": "dw-14452"
      },
      {
        "quantity": 15,
        "quantityKey": "dw-14414"
      },
      {
        "quantity": 15,
        "quantityKey": "default"
      },
      {
        "quantity": 15,
        "quantityKey": "dw-14390"
      },
      {
        "quantity": 15,
        "quantityKey": "dw-14406"
      },
      {
        "quantity": 15,
        "quantityKey": "dw-14392"
      },
      {
        "quantity": 15,
        "quantityKey": "dw-14400"
      },
      {
        "quantity": 15,
        "quantityKey": "dw-14444"
      },
      {
        "quantity": 15,
        "quantityKey": "dw-14398"
      },
      {
        "quantity": 15,
        "quantityKey": "dw-14468"
      },
      {
        "quantity": 15,
        "quantityKey": "dw-14474"
      },
      {
        "quantity": 15,
        "quantityKey": "dw-14442"
      },
      {
        "quantity": 15,
        "quantityKey": "dw-14434"
      },
      {
        "quantity": 15,
        "quantityKey": "dw-14416"
      },
      {
        "quantity": 15,
        "quantityKey": "dw-14428"
      },
      {
        "quantity": 15,
        "quantityKey": "dw-14460"
      }
    ],
    "emission": 0,
    "allergies": [
      {
        "id": 7,
        "infoSource": null,
        "level": {
          "enumType": "se.mat.mycroft.enums.AllergyLevel",
          "name": "CONTAINS"
        },
        "substanceName": "Mjölk"
      },
      {
        "id": 13,
        "infoSource": null,
        "level": {
          "enumType": "se.mat.mycroft.enums.AllergyLevel",
          "name": "TRACES"
        },
        "substanceName": "Sesamfrön"
      },
      {
        "id": 10,
        "infoSource": null,
        "level": {
          "enumType": "se.mat.mycroft.enums.AllergyLevel",
          "name": "TRACES"
        },
        "substanceName": "Nötter"
      },
      {
        "id": 5,
        "infoSource": null,
        "level": {
          "enumType": "se.mat.mycroft.enums.AllergyLevel",
          "name": "TRACES"
        },
        "substanceName": "Jordnötter"
      }
    ],
    "warehouseProductMappingId": null,
    "productRelationship": {
      "canBeReplacedWithProductIds": [],
      "canBeSubstitutedWithProductIds": [],
      "sameContentProductIds": []
    },
    "soldCount": 450,
    "variety": "",
    "isAgreeWithPersonalTerms": null,
    "hasDeclinedPersonalAgreement": null,
    "probability": null,
    "productCountries": [],
    "productVarieties": [],
    "productBanner": null,
    "isShowOnTopProduct": false,
    "primaryCategoryNamePath": "Mat.se Göteborg/Apoteksvaror/Vitaminer, Hälso- & Kosttillskott/Bars"
  },
  {
    "id": 95422,
    "dateCreated": "Mon Jan 29 10:11:32 CET 2018",
    "name": "Swebar White Chocolate Raspberry Proteinbar Low Sugar",
    "showPrice": "20,50  kr",
    "friendlyUrl": "swebar-ls-white-choc-rasp-kfp-dalblads-50g",
    "formattedName": "Swebar White Chocolate Raspberry Proteinbar Low Sugar",
    "ean": "7350028545902",
    "countryOfOrigin": "SE",
    "translatedCountryName": "Sverige",
    "labelTags": [],
    "hasImage": true,
    "imageUrl": "https://d1hr6nb56yyl1.cloudfront.net/product-images/95422-150.jpg",
    "brand": {
      "id": 1319,
      "name": "DALBLADS"
    },
    "categories": [
      {
        "id": 11474,
        "name": "Bars"
      },
      {
        "id": 4336,
        "name": "Bars"
      },
      {
        "id": 9230,
        "name": "Proteintillskott"
      }
    ],
    "displayBrand": "DALBLADS",
    "favouriteCount": 230,
    "active": true,
    "inStockQuantity": 26,
    "orderable": true,
    "price": 20.5,
    "priceWithoutVat": 18.3035714286,
    "recommendedRetailPrice": null,
    "readableComparisonPrice": "410 kr/kg",
    "discount": null,
    "discountedPrice": 0,
    "size": "50G",
    "weightProduct": false,
    "vat": 12,
    "content": "Proteinblandning (MJÖLKPROTEIN/MELKEPROTEIN, kollagenhydrolysat, SOJAPROTEINISOLAT/SOYAPROTEINISOLAT), vit choklad/sjokolade (27%) (sötningsmedel/søtstoff (maltitol), kakaosmör/kakaosmør, HELMJÖLKSPULVER/MELKEPULVER AV HELMELK, emulgeringsmedel (solroslecitin/solsikkelecitin), naturlig vaniljarom), fyllning med hallonsmak/bringebærsmak (17%) (fyllnadsmedel (polydextros), kondenserad MJÖLK/MELK, kakaosmör/kakaosmør, syra (citronsyra), fuktighetsbevarande medel (sorbitol), emulgeringsmedel (solroslecitin/solsikkelecitin), arom, vatten, salt, naturlig hallonarom/bringebæraroma, färgämne/fargestoff (karmin)), SOJAKRISP (SOJAPROTEINISOLAT/SOYAPROTEINISOLAT, rismjöl/rismel, KORNMALTEXTRAKT/BYGGMALTEKSTRAKT, salt), fuktighetsbevarande medel (glycerol), vatten, kokosolja, arom, frystorkade/frysetørkede hallon/bringebær (0,6%), salt, emulgeringsmedel (mikrokristallin cellulosa), solrosolja/solsikkeolje, sötningsmedel/søtstoff (sukralos). Kan innehålla spår/spor av MANDEL, HASSELNÖT, VALNÖT, CASHEWNÖT, PEKANNÖT, PARANÖT, pistagenöt/pistasjnøtt, MAKADAMIANÖT, jordnöt/peanøtt och ÄGG/EGG.",
    "nutrition": "Näringsvärde per 100 Gram\nenergi 1500 Kilojoule\nenergi 360 Kilokalori\nfett 15 Gram\nvarav mättat fett 9.9 Gram\nkolhydrat 28 Gram\nvarav sockerarter 3 Gram\nfiber 7.3 Gram\nprotein 33 Gram\nsalt 0.6 Gram",
    "durability": null,
    "recycling": null,
    "detail": "Swebar No Added Sugar White Chocolate Raspberry har ett krispigt lager med smak av söt vitchoklad tillsammans med frisk hallonsås som får en att drömma om sommaren. Med ett högt proteininnehåll och lågt sockerinnehåll passar den perfekt för dig med en aktiv livsstil. Proteinet absorberas snabbt av kroppen och når musklerna omedelbart, vilket är extra bra för dess reparation och uppbyggnad. På grund av sitt låga sockerinnehåll så passar Swebar No Added Sugar White Chocolate Raspberry även bra som ett mättande mellanmål eller snacks on-the-go.\n\nKonsumeras efter träning\n\nFörvaras torrt och svalt",
    "storage": "Förvaras torrt och svalt",
    "combinedNameWithBrand": "Swebar White Chocolate Raspberry Proteinbar Low Sugar Dalblads",
    "averageProductLife": 0,
    "minimumDaysBeforeExpire": 31,
    "averageUnitWeight": 51,
    "weight": 51,
    "isMixable": false,
    "idRequired": 0,
    "tagNames": [],
    "featured": false,
    "campaignRank": 216,
    "availableQuantities": [
      {
        "quantity": 26,
        "quantityKey": "dw-14458"
      },
      {
        "quantity": 26,
        "quantityKey": "dw-14416"
      },
      {
        "quantity": 26,
        "quantityKey": "dw-14444"
      },
      {
        "quantity": 26,
        "quantityKey": "dw-14468"
      },
      {
        "quantity": 26,
        "quantityKey": "dw-14400"
      },
      {
        "quantity": 26,
        "quantityKey": "dw-14450"
      },
      {
        "quantity": 26,
        "quantityKey": "dw-14466"
      },
      {
        "quantity": 26,
        "quantityKey": "dw-14436"
      },
      {
        "quantity": 26,
        "quantityKey": "dw-14460"
      },
      {
        "quantity": 26,
        "quantityKey": "dw-14408"
      },
      {
        "quantity": 26,
        "quantityKey": "default"
      },
      {
        "quantity": 26,
        "quantityKey": "dw-14452"
      },
      {
        "quantity": 26,
        "quantityKey": "dw-14442"
      },
      {
        "quantity": 26,
        "quantityKey": "dw-14474"
      },
      {
        "quantity": 26,
        "quantityKey": "dw-14406"
      },
      {
        "quantity": 26,
        "quantityKey": "dw-14392"
      },
      {
        "quantity": 26,
        "quantityKey": "dw-14390"
      },
      {
        "quantity": 26,
        "quantityKey": "dw-14398"
      },
      {
        "quantity": 26,
        "quantityKey": "dw-14414"
      },
      {
        "quantity": 26,
        "quantityKey": "dw-14422"
      },
      {
        "quantity": 26,
        "quantityKey": "dw-14434"
      },
      {
        "quantity": 26,
        "quantityKey": "dw-14426"
      },
      {
        "quantity": 26,
        "quantityKey": "dw-14428"
      }
    ],
    "emission": 0,
    "allergies": [
      {
        "id": 7,
        "infoSource": null,
        "level": {
          "enumType": "se.mat.mycroft.enums.AllergyLevel",
          "name": "CONTAINS"
        },
        "substanceName": "Mjölk"
      },
      {
        "id": 5,
        "infoSource": null,
        "level": {
          "enumType": "se.mat.mycroft.enums.AllergyLevel",
          "name": "TRACES"
        },
        "substanceName": "Jordnötter"
      },
      {
        "id": 3,
        "infoSource": null,
        "level": {
          "enumType": "se.mat.mycroft.enums.AllergyLevel",
          "name": "TRACES"
        },
        "substanceName": "Ägg"
      },
      {
        "id": 10,
        "infoSource": null,
        "level": {
          "enumType": "se.mat.mycroft.enums.AllergyLevel",
          "name": "TRACES"
        },
        "substanceName": "Nötter"
      },
      {
        "id": 6,
        "infoSource": null,
        "level": {
          "enumType": "se.mat.mycroft.enums.AllergyLevel",
          "name": "CONTAINS"
        },
        "substanceName": "Sojabönor"
      },
      {
        "id": 1,
        "infoSource": null,
        "level": {
          "enumType": "se.mat.mycroft.enums.AllergyLevel",
          "name": "CONTAINS"
        },
        "substanceName": "Gluten"
      }
    ],
    "warehouseProductMappingId": null,
    "productRelationship": {
      "canBeReplacedWithProductIds": [],
      "canBeSubstitutedWithProductIds": [
        93845,
        71454
      ],
      "sameContentProductIds": []
    },
    "soldCount": 1222,
    "variety": "",
    "isAgreeWithPersonalTerms": null,
    "hasDeclinedPersonalAgreement": null,
    "probability": null,
    "productCountries": [],
    "productVarieties": [],
    "productBanner": null,
    "isShowOnTopProduct": false,
    "primaryCategoryNamePath": "Mat.se Göteborg/Hälsa & Träning/Bars"
  },
  {
    "id": 93246,
    "dateCreated": "Wed Apr 03 10:13:04 CEST 2019",
    "name": "Swebar Päronglass Proteinbar",
    "showPrice": "20,50  kr",
    "friendlyUrl": "swebar-paronglass-proteinbar-dalblads-55g",
    "formattedName": "Swebar Päronglass Proteinbar",
    "ean": "7350028544905",
    "countryOfOrigin": "SE",
    "translatedCountryName": "Sverige",
    "labelTags": [],
    "hasImage": true,
    "imageUrl": "https://d1hr6nb56yyl1.cloudfront.net/product-images/93246-150.jpg",
    "brand": {
      "id": 1319,
      "name": "DALBLADS"
    },
    "categories": [
      {
        "id": 11474,
        "name": "Bars"
      },
      {
        "id": 4336,
        "name": "Bars"
      }
    ],
    "displayBrand": "DALBLADS",
    "favouriteCount": 137,
    "active": true,
    "inStockQuantity": 0,
    "orderable": false,
    "price": 20.5,
    "priceWithoutVat": 18.3035714286,
    "recommendedRetailPrice": null,
    "readableComparisonPrice": "372,73 kr/kg",
    "discount": null,
    "discountedPrice": 0,
    "size": "55G",
    "weightProduct": false,
    "vat": 12,
    "content": "Vassleproteinisolat/myseproteinisolat (från MJÖLK/MELK), vit/hvit choklad/sjokolade (socker/sukker, kakaosmör, HELMJÖLKSPULVER/MELKEPULVER AV HELMELK, emulgeringsmedel(SOJALECITIN/SOYALECITIN), arom), glukossirap, fruktossirap, överdrag/overtrekk (socker/sukker, vegetabilisk olja och fett (palm/palme, shea), SKUMMJÖLKSPULVER/ MELKEPULVER AV SKUMMET MELK, cikoriarotfiber (inulin), YOGHURTPULVER, emulgeringsmedel (SOJALECITIN/SOYALECITIN, sorbitantristearat), arom), solrosolja/solsikkeolje, MJÖLKPROTEIN/MELKEPROTEIN, ÄGGVITEPROTEIN/ EGGEHVITEPROTEIN, färgämne/fargestoff (klorofyllinkopparkomplex), päronarom/pærearoma, surhetsreglerande medel (citronsyra). Kan innehålla spår/spor av SOJAPROTEIN/SOYAPROTEIN.",
    "nutrition": "Näringsvärde per 55 Gram\nenergi 1000 Kilojoule\nenergi 240 Kilokalori\nfett 9.8 Gram\nvarav mättat fett 4.8 Gram\nkolhydrat 22 Gram\nvarav sockerarter 20 Gram\nprotein 16 Gram\nsalt 0.2 Gram",
    "durability": null,
    "recycling": null,
    "detail": "Swebar Original Päronglass är en krämig kombination av päron och vanilj, precis som en god sommardag fast med 30% protein såklart. Proteinet och de snabba kolhydraterna absorberas snabbt av kroppen och når musklerna omedelbart, vilket är extra bra för dess reparation och uppbyggnad. Med en Swebar efter ett träningspass är du snabbt återhämtad och redo för nästa. Swebar Original Päronglass har ej tillsatta nötter.\n\nKonsumeras efter träning\n\nFörvaras torrt och svalt",
    "storage": "Förvaras torrt och svalt",
    "combinedNameWithBrand": "Swebar Päronglass Proteinbar Dalblads",
    "averageProductLife": 0,
    "minimumDaysBeforeExpire": 31,
    "averageUnitWeight": 56,
    "weight": 56,
    "isMixable": false,
    "idRequired": 0,
    "tagNames": [],
    "featured": false,
    "campaignRank": 247,
    "availableQuantities": [
      {
        "quantity": 0,
        "quantityKey": "default"
      }
    ],
    "emission": 0,
    "allergies": [
      {
        "id": 3,
        "infoSource": null,
        "level": {
          "enumType": "se.mat.mycroft.enums.AllergyLevel",
          "name": "CONTAINS"
        },
        "substanceName": "Ägg"
      },
      {
        "id": 7,
        "infoSource": null,
        "level": {
          "enumType": "se.mat.mycroft.enums.AllergyLevel",
          "name": "CONTAINS"
        },
        "substanceName": "Mjölk"
      },
      {
        "id": 6,
        "infoSource": null,
        "level": {
          "enumType": "se.mat.mycroft.enums.AllergyLevel",
          "name": "CONTAINS"
        },
        "substanceName": "Sojabönor"
      }
    ],
    "warehouseProductMappingId": null,
    "productRelationship": {
      "canBeReplacedWithProductIds": [],
      "canBeSubstitutedWithProductIds": [],
      "sameContentProductIds": []
    },
    "soldCount": 664,
    "variety": "",
    "isAgreeWithPersonalTerms": null,
    "hasDeclinedPersonalAgreement": null,
    "probability": null,
    "productCountries": [],
    "productVarieties": [],
    "productBanner": null,
    "isShowOnTopProduct": false,
    "primaryCategoryNamePath": "Mat.se Göteborg/Hälsa & Träning/Bars"
  },
  {
    "id": 121868,
    "dateCreated": "Tue Feb 16 11:32:53 CET 2021",
    "name": "Caramel Protein Bar",
    "showPrice": "19,95  kr",
    "friendlyUrl": "protein-bar-caramel-nicks-50g",
    "formattedName": "Caramel Protein Bar",
    "ean": "7350104401238",
    "countryOfOrigin": "MK",
    "translatedCountryName": "Makedonien",
    "labelTags": [
      {
        "id": 14,
        "name": "Särnär fri från gluten",
        "tag": "fri_gluten"
      }
    ],
    "hasImage": true,
    "imageUrl": "https://d1hr6nb56yyl1.cloudfront.net/product-images/121868-150.jpg",
    "brand": {
      "id": 12132,
      "name": "Nick´s"
    },
    "categories": [
      {
        "id": 4336,
        "name": "Bars"
      },
      {
        "id": 11474,
        "name": "Bars"
      }
    ],
    "displayBrand": "Nick´s",
    "favouriteCount": 83,
    "active": true,
    "inStockQuantity": 20,
    "orderable": true,
    "price": 19.95000076293945,
    "priceWithoutVat": 17.81250068119594,
    "recommendedRetailPrice": null,
    "readableComparisonPrice": "399 kr/kg",
    "discount": null,
    "discountedPrice": 0,
    "size": "50G",
    "weightProduct": false,
    "vat": 12,
    "content": "MJÖLK/MÆLKprotein, löslig majsfiber, kollagenpeptider, sötningsmedel: erytritol, kakaosmör, polydextros (fiber), MJÖLK//MÆLKpulver, fuktighetsbevarande medel: veg. glycerol, ÄGG/ÆGvitepulver, kakaomassa, sötningsmedel: xylitol, cikoriarotfiber, SMÖR (MJÖLK/MÆLK), kakaopulver, sötningsmedel: sorbitol, salt, emulgeringsmedel: solros/solsikkelecitin, naturlig arom, sötningsmedel: steviolglykosider. Kan innehålla spår av SOJA, SESAM, NÖTTER och JORDNÖTTER/PEANØTTER.",
    "nutrition": "Näringsvärde per 100 Gram\nenergi 1324 Kilojoule\nenergi 316 Kilokalori\nfett 13.4 Gram\nvarav mättat fett 8.1 Gram\nkolhydrat 25.1 Gram\nvarav sockerarter 4.4 Gram\nsockeralkoholer 18.4 Gram\nfiber 18.9 Gram\nprotein 28 Gram\nsalt 0.4 Gram",
    "durability": null,
    "recycling": null,
    "detail": "En proteinbar med seg karamell och 13 g protein. Laddad med prebiotiska fibrer som stimulerar tillväxten av goda tarmbakterier och ökar ditt immunförsvar. Passande för lågkolhydratskost, keto, diabetes, glutenintolerans men främst för alla som vill njuta och må bra på samma gång. 158 kcal/bar, no added sugar, no palm oil, just joy.\n\nFörvaras torrt & svalt: <30°C",
    "storage": "Förvaras torrt & svalt: <30°C",
    "combinedNameWithBrand": "Caramel Protein Bar Nick´s",
    "averageProductLife": 0,
    "minimumDaysBeforeExpire": 31,
    "averageUnitWeight": 51,
    "weight": 51,
    "isMixable": false,
    "idRequired": 0,
    "tagNames": [],
    "featured": false,
    "campaignRank": 155,
    "availableQuantities": [
      {
        "quantity": 20,
        "quantityKey": "dw-14436"
      },
      {
        "quantity": 20,
        "quantityKey": "dw-14408"
      },
      {
        "quantity": 20,
        "quantityKey": "dw-14414"
      },
      {
        "quantity": 20,
        "quantityKey": "dw-14444"
      },
      {
        "quantity": 20,
        "quantityKey": "dw-14416"
      },
      {
        "quantity": 20,
        "quantityKey": "dw-14422"
      },
      {
        "quantity": 8,
        "quantityKey": "dw-14390"
      },
      {
        "quantity": 20,
        "quantityKey": "dw-14400"
      },
      {
        "quantity": 20,
        "quantityKey": "dw-14426"
      },
      {
        "quantity": 20,
        "quantityKey": "dw-14450"
      },
      {
        "quantity": 20,
        "quantityKey": "dw-14428"
      },
      {
        "quantity": 20,
        "quantityKey": "dw-14468"
      },
      {
        "quantity": 8,
        "quantityKey": "dw-14398"
      },
      {
        "quantity": 20,
        "quantityKey": "dw-14452"
      },
      {
        "quantity": 20,
        "quantityKey": "dw-14406"
      },
      {
        "quantity": 20,
        "quantityKey": "dw-14474"
      },
      {
        "quantity": 20,
        "quantityKey": "dw-14442"
      },
      {
        "quantity": 20,
        "quantityKey": "dw-14458"
      },
      {
        "quantity": 8,
        "quantityKey": "dw-14392"
      },
      {
        "quantity": 20,
        "quantityKey": "dw-14460"
      },
      {
        "quantity": 20,
        "quantityKey": "dw-14466"
      },
      {
        "quantity": 20,
        "quantityKey": "dw-14434"
      },
      {
        "quantity": 20,
        "quantityKey": "default"
      }
    ],
    "emission": 0,
    "allergies": [
      {
        "id": 6,
        "infoSource": null,
        "level": {
          "enumType": "se.mat.mycroft.enums.AllergyLevel",
          "name": "TRACES"
        },
        "substanceName": "Sojabönor"
      },
      {
        "id": 3,
        "infoSource": null,
        "level": {
          "enumType": "se.mat.mycroft.enums.AllergyLevel",
          "name": "CONTAINS"
        },
        "substanceName": "Ägg"
      },
      {
        "id": 5,
        "infoSource": null,
        "level": {
          "enumType": "se.mat.mycroft.enums.AllergyLevel",
          "name": "TRACES"
        },
        "substanceName": "Jordnötter"
      },
      {
        "id": 13,
        "infoSource": null,
        "level": {
          "enumType": "se.mat.mycroft.enums.AllergyLevel",
          "name": "TRACES"
        },
        "substanceName": "Sesamfrön"
      },
      {
        "id": 7,
        "infoSource": null,
        "level": {
          "enumType": "se.mat.mycroft.enums.AllergyLevel",
          "name": "CONTAINS"
        },
        "substanceName": "Mjölk"
      },
      {
        "id": 10,
        "infoSource": null,
        "level": {
          "enumType": "se.mat.mycroft.enums.AllergyLevel",
          "name": "TRACES"
        },
        "substanceName": "Nötter"
      }
    ],
    "warehouseProductMappingId": null,
    "productRelationship": {
      "canBeReplacedWithProductIds": [],
      "canBeSubstitutedWithProductIds": [],
      "sameContentProductIds": []
    },
    "soldCount": 437,
    "variety": "",
    "isAgreeWithPersonalTerms": null,
    "hasDeclinedPersonalAgreement": null,
    "probability": null,
    "productCountries": [],
    "productVarieties": [],
    "productBanner": null,
    "isShowOnTopProduct": false,
    "primaryCategoryNamePath": "Mat.se Göteborg/Apoteksvaror/Vitaminer, Hälso- & Kosttillskott/Bars"
  },
  {
    "id": 124952,
    "dateCreated": "Mon Apr 12 14:01:16 CEST 2021",
    "name": "Protein Bar Coockies Dream",
    "showPrice": "22,50  kr",
    "friendlyUrl": "protein-bar-coockies-dream-njie-55g",
    "formattedName": "Protein Bar Coockies Dream",
    "ean": "7350068295515",
    "countryOfOrigin": "DE",
    "translatedCountryName": "Tyskland",
    "labelTags": [],
    "hasImage": true,
    "imageUrl": "https://d1hr6nb56yyl1.cloudfront.net/product-images/124952-150.jpg",
    "brand": {
      "id": 13382,
      "name": "Propud"
    },
    "categories": [
      {
        "id": 11474,
        "name": "Bars"
      },
      {
        "id": 4336,
        "name": "Bars"
      }
    ],
    "displayBrand": "Propud",
    "favouriteCount": 94,
    "active": true,
    "inStockQuantity": 14,
    "orderable": true,
    "price": 22.5,
    "priceWithoutVat": 20.0892857143,
    "recommendedRetailPrice": null,
    "readableComparisonPrice": "409,09 kr/kg",
    "discount": null,
    "discountedPrice": 0,
    "size": "55G",
    "weightProduct": false,
    "vat": 12,
    "content": "MJÖLK/MELKE/MÆLKEPROTEIN, sötningsmedel/søtstoffer (maltitol), fuktighetsbevarande medel (glycerol), HELMJÖLK/MELK/MÆLKSPULVER, chokladkaksbitar (8,4%)(sötningsmedel/søtstoffer (maltitol, erytitrol, isomalt), potatisstärkelse, majsmjöl, SMÖR/SMØR, fettreducerad kakaopulver, rismjöl, SMÖR/SMØRFETT, modifierad potatisstärkelse, tapiokastärkelse, inulin, salt, aromer, bourbon vaniljextrakt, bakpulver (natriumkarbonater)), kakaosmör, kollagenpeptider (från nöt/biff/okse), SMÖR/SMØRFETT, vatten, fettreducerad kakao (3,7%), solrosolja/solsikkeolje, aromer, salt, emulgeringsmedel/emulgator (SOJA/SOYALECITIN), sötningsmedel/søtstoffer (aspartam, acesulfam K). Innehåller en källa/kilde till fenylalanin/Indeholder en phenylalaninkilde. Innehåller naturligt förekommande socker/Med et naturlig innhold av sukker. Kan innehålla spår/spor av ÄGG/EGG/ÆG, NÖTTER/NØTTER/NØDDER, SESAM/SESAMFRØ och VETE/HVETE/HVEDE. Innehåller/holder polyoler.",
    "nutrition": "Näringsvärde per 100 Gram\nenergi 1711 Kilojoule\nenergi 410 Kilokalori\nfett 21 Gram\nvarav mättat fett 12 Gram\nkolhydrat 32 Gram\nvarav sockerarter 3.8 Gram\nsockeralkoholer 24 Gram\nprotein 32 Gram\nsalt 0.39 Gram",
    "durability": null,
    "recycling": null,
    "detail": "ProPud Protein Bar Cookies & Dream - en proteinbar med smak av chokladkakor och grädde, strösslad med chokladkaksbitar samt överdarg av vit choklad. Utan tillsatt socker och 18 gram protein per bar. Utan palmolja.\n\nFörvaras torrt i rumstemperatur.",
    "storage": "Förvaras torrt i rumstemperatur.",
    "combinedNameWithBrand": "Protein Bar Coockies Dream Propud",
    "averageProductLife": 0,
    "minimumDaysBeforeExpire": 31,
    "averageUnitWeight": 56,
    "weight": 56,
    "isMixable": false,
    "idRequired": 0,
    "tagNames": [],
    "featured": false,
    "campaignRank": 142,
    "availableQuantities": [
      {
        "quantity": 4,
        "quantityKey": "dw-14392"
      },
      {
        "quantity": 14,
        "quantityKey": "dw-14426"
      },
      {
        "quantity": 14,
        "quantityKey": "dw-14414"
      },
      {
        "quantity": 4,
        "quantityKey": "dw-14400"
      },
      {
        "quantity": 14,
        "quantityKey": "dw-14450"
      },
      {
        "quantity": 14,
        "quantityKey": "dw-14444"
      },
      {
        "quantity": 4,
        "quantityKey": "dw-14398"
      },
      {
        "quantity": 4,
        "quantityKey": "dw-14390"
      },
      {
        "quantity": 14,
        "quantityKey": "dw-14452"
      },
      {
        "quantity": 14,
        "quantityKey": "dw-14478"
      },
      {
        "quantity": 14,
        "quantityKey": "dw-14480"
      },
      {
        "quantity": 14,
        "quantityKey": "dw-14428"
      },
      {
        "quantity": 14,
        "quantityKey": "dw-14422"
      },
      {
        "quantity": 14,
        "quantityKey": "dw-14434"
      },
      {
        "quantity": 14,
        "quantityKey": "dw-14442"
      },
      {
        "quantity": 14,
        "quantityKey": "dw-14466"
      },
      {
        "quantity": 14,
        "quantityKey": "dw-14408"
      },
      {
        "quantity": 14,
        "quantityKey": "dw-14458"
      },
      {
        "quantity": 14,
        "quantityKey": "dw-14468"
      },
      {
        "quantity": 14,
        "quantityKey": "dw-14436"
      },
      {
        "quantity": 4,
        "quantityKey": "dw-14406"
      },
      {
        "quantity": 14,
        "quantityKey": "default"
      },
      {
        "quantity": 14,
        "quantityKey": "dw-14460"
      },
      {
        "quantity": 14,
        "quantityKey": "dw-14474"
      },
      {
        "quantity": 14,
        "quantityKey": "dw-14416"
      }
    ],
    "emission": 0,
    "allergies": [
      {
        "id": 13,
        "infoSource": null,
        "level": {
          "enumType": "se.mat.mycroft.enums.AllergyLevel",
          "name": "TRACES"
        },
        "substanceName": "Sesamfrön"
      },
      {
        "id": 1,
        "infoSource": null,
        "level": {
          "enumType": "se.mat.mycroft.enums.AllergyLevel",
          "name": "TRACES"
        },
        "substanceName": "Gluten"
      },
      {
        "id": 10,
        "infoSource": null,
        "level": {
          "enumType": "se.mat.mycroft.enums.AllergyLevel",
          "name": "TRACES"
        },
        "substanceName": "Nötter"
      },
      {
        "id": 3,
        "infoSource": null,
        "level": {
          "enumType": "se.mat.mycroft.enums.AllergyLevel",
          "name": "TRACES"
        },
        "substanceName": "Ägg"
      },
      {
        "id": 6,
        "infoSource": null,
        "level": {
          "enumType": "se.mat.mycroft.enums.AllergyLevel",
          "name": "CONTAINS"
        },
        "substanceName": "Sojabönor"
      },
      {
        "id": 7,
        "infoSource": null,
        "level": {
          "enumType": "se.mat.mycroft.enums.AllergyLevel",
          "name": "CONTAINS"
        },
        "substanceName": "Mjölk"
      }
    ],
    "warehouseProductMappingId": null,
    "productRelationship": {
      "canBeReplacedWithProductIds": [],
      "canBeSubstitutedWithProductIds": [],
      "sameContentProductIds": []
    },
    "soldCount": 353,
    "variety": "",
    "isAgreeWithPersonalTerms": null,
    "hasDeclinedPersonalAgreement": null,
    "probability": null,
    "productCountries": [],
    "productVarieties": [],
    "productBanner": null,
    "isShowOnTopProduct": false,
    "primaryCategoryNamePath": "Mat.se Göteborg/Hälsa & Träning/Bars"
  },
  {
    "id": 101828,
    "dateCreated": "Wed Aug 26 13:03:56 CEST 2020",
    "name": "Cashew Almond Pro Pud Protein Bar",
    "showPrice": "21,50  kr",
    "friendlyUrl": "cashew-almond-pro-pud-protein-bar-njie-55g",
    "formattedName": "Cashew Almond Pro Pud Protein Bar",
    "ean": "7350068294181",
    "countryOfOrigin": "DE",
    "translatedCountryName": "Tyskland",
    "labelTags": [],
    "hasImage": true,
    "imageUrl": "https://d1hr6nb56yyl1.cloudfront.net/product-images/101828-150.jpg",
    "brand": {
      "id": 13382,
      "name": "Propud"
    },
    "categories": [
      {
        "id": 4336,
        "name": "Bars"
      },
      {
        "id": 11474,
        "name": "Bars"
      }
    ],
    "displayBrand": "Propud",
    "favouriteCount": 81,
    "active": true,
    "inStockQuantity": 0,
    "orderable": false,
    "price": 21.5,
    "priceWithoutVat": 19.1964285714,
    "recommendedRetailPrice": null,
    "readableComparisonPrice": "390,91 kr/kg",
    "discount": null,
    "discountedPrice": 0,
    "size": "55G",
    "weightProduct": false,
    "vat": 12,
    "content": "MJÖLK/MELKE/MÆLKEPROTEIN, polydextrossirap (polydextros, vatten), sötningsmedel (maltitol), CASHEWNÖTTER (8,5%), kollagenpeptider (från nöt/biff/okse), fuktighetsbevarande medel (glycerol), kakaosmör, HELMJÖLK/MELK/MÆLKSPULVER, kakaopasta, MANDELPASTA (3,3%), SMÖR/SMØRFETT, salt, emulgeringsmedel/emulgator (SOJA/SOYALECITIN), aromer, sötningsmedel (aspartam, acesulfam K). Innehåller en källa/kilde till fenylalanin/Indeholder en phenylalaninkilde. Innehåller naturligt förekommande socker/Med et naturlig innhold av sukker. Kan innehålla spår/spor av ÄGG/EGG/ÆG, ANDRA NÖTTER/NØTTER/NØDDER, SESAM/SESAMFRØ och VETE/HVETE/HVEDE. Innehåller/holder polyoler.",
    "nutrition": "Näringsvärde per 100 Gram\nenergi 1559 Kilojoule\nenergi 374 Kilokalori\nfett 17 Gram\nvarav mättat fett 7 Gram\nkolhydrat 30 Gram\nvarav sockerarter 2.9 Gram\nsockeralkoholer 23 Gram\nfiber 11 Gram\nprotein 29 Gram\nsalt 0.33 Gram",
    "durability": null,
    "recycling": null,
    "detail": "ProPud Protein Bar Cashew Almond - en proteinbar med mandelsmak, strösslad med cashew samt  överdrag av mjölkchoklad . Utan tillsatt socker och 16 gram protein per bar. Utan palmolja.\n\nFörvaras torrt i rumstemperatur.",
    "storage": "Förvaras torrt i rumstemperatur.",
    "combinedNameWithBrand": "Cashew Almond Pro Pud Protein Bar Propud",
    "averageProductLife": 0,
    "minimumDaysBeforeExpire": 31,
    "averageUnitWeight": 56,
    "weight": 56,
    "isMixable": false,
    "idRequired": 0,
    "tagNames": [],
    "featured": false,
    "campaignRank": 285,
    "availableQuantities": [
      {
        "quantity": 0,
        "quantityKey": "default"
      }
    ],
    "emission": 0,
    "allergies": [
      {
        "id": 3,
        "infoSource": null,
        "level": {
          "enumType": "se.mat.mycroft.enums.AllergyLevel",
          "name": "TRACES"
        },
        "substanceName": "Ägg"
      },
      {
        "id": 1,
        "infoSource": null,
        "level": {
          "enumType": "se.mat.mycroft.enums.AllergyLevel",
          "name": "TRACES"
        },
        "substanceName": "Gluten"
      },
      {
        "id": 13,
        "infoSource": null,
        "level": {
          "enumType": "se.mat.mycroft.enums.AllergyLevel",
          "name": "TRACES"
        },
        "substanceName": "Sesamfrön"
      },
      {
        "id": 10,
        "infoSource": null,
        "level": {
          "enumType": "se.mat.mycroft.enums.AllergyLevel",
          "name": "CONTAINS"
        },
        "substanceName": "Nötter"
      },
      {
        "id": 7,
        "infoSource": null,
        "level": {
          "enumType": "se.mat.mycroft.enums.AllergyLevel",
          "name": "CONTAINS"
        },
        "substanceName": "Mjölk"
      },
      {
        "id": 6,
        "infoSource": null,
        "level": {
          "enumType": "se.mat.mycroft.enums.AllergyLevel",
          "name": "CONTAINS"
        },
        "substanceName": "Sojabönor"
      }
    ],
    "warehouseProductMappingId": null,
    "productRelationship": {
      "canBeReplacedWithProductIds": [],
      "canBeSubstitutedWithProductIds": [],
      "sameContentProductIds": []
    },
    "soldCount": 483,
    "variety": "",
    "isAgreeWithPersonalTerms": null,
    "hasDeclinedPersonalAgreement": null,
    "probability": null,
    "productCountries": [],
    "productVarieties": [],
    "productBanner": null,
    "isShowOnTopProduct": false,
    "primaryCategoryNamePath": "Mat.se Göteborg/Apoteksvaror/Vitaminer, Hälso- & Kosttillskott/Bars"
  },
  {
    "id": 121870,
    "dateCreated": "Thu Feb 04 13:37:00 CET 2021",
    "name": "Protein Bar Peanut",
    "showPrice": "19,95  kr",
    "friendlyUrl": "protein-bar-peanut-nicks-50g",
    "formattedName": "Protein Bar Peanut",
    "ean": "7350104401245",
    "countryOfOrigin": "MK",
    "translatedCountryName": "Makedonien",
    "labelTags": [
      {
        "id": 14,
        "name": "Särnär fri från gluten",
        "tag": "fri_gluten"
      }
    ],
    "hasImage": true,
    "imageUrl": "https://d1hr6nb56yyl1.cloudfront.net/product-images/121870-150.jpg",
    "brand": {
      "id": 12132,
      "name": "Nick´s"
    },
    "categories": [
      {
        "id": 11474,
        "name": "Bars"
      },
      {
        "id": 4336,
        "name": "Bars"
      }
    ],
    "displayBrand": "Nick´s",
    "favouriteCount": 86,
    "active": true,
    "inStockQuantity": 20,
    "orderable": true,
    "price": 19.95000076293945,
    "priceWithoutVat": 17.81250068119594,
    "recommendedRetailPrice": null,
    "readableComparisonPrice": "399 kr/kg",
    "discount": null,
    "discountedPrice": 0,
    "size": "50G",
    "weightProduct": false,
    "vat": 12,
    "content": "MJÖLK/MÆLKprotein, JORDNÖTTER/PEANØTTER (12%), kollagenpeptider, polydextros (fiber), kakaosmör, MJÖLK/MÆLKpulver, sötningsmedel: erytritol, löslig majsfiber, fuktighetsbevarande medel: veg. glycerol, ÄGG/ÆGvitepulver, sötningsmedel: xylitol, kakaomassa, cikoriarotfiber, SMÖR (MJÖLK/MÆLK), sötningsmedel: sorbitol, vegetabilisk olja (kokos, shea), naturliga aromer, salt, emulgeringsmedel: solros/solsikkelecitin, sötningsmedel: steviolglykosider. Kan innehålla spår av SOJA, SESAM och NÖTTER.",
    "nutrition": "Näringsvärde per 100 gram\nEnergi 1531/366 kilojoule/kilokalori\nFett 18.9 gram\nvarav mättat fett 8.5 gram\nKolhydrat 25.1 gram\nvarav sockerarter 4.8 gram\nvarav polyoler 17.9 gram\nFiber 14.5 gram\nProtein 30 gram\nSalt 0.38 gram",
    "durability": null,
    "recycling": null,
    "detail": "En proteinbar med choklad, fudge, jordnötter och 15 g protein. Laddad med prebiotiska fibrer som stimulerar tillväxten av goda tarmbakterier och ökar ditt immunförsvar. Passande för lågkolhydratskost, keto, diabetes, glutenintolerans men främst för alla som vill njuta och må bra på samma gång. 183 kcal/bar, no added sugar, no palm oil, just joy.\n\nUtan tillsatt socker",
    "storage": "Förvaras torrt & svalt: <30°C",
    "combinedNameWithBrand": "Protein Bar Peanut Nick´s",
    "averageProductLife": 0,
    "minimumDaysBeforeExpire": 31,
    "averageUnitWeight": 51,
    "weight": 51,
    "isMixable": false,
    "idRequired": 0,
    "tagNames": [],
    "featured": false,
    "campaignRank": 161,
    "availableQuantities": [
      {
        "quantity": 20,
        "quantityKey": "dw-14414"
      },
      {
        "quantity": 20,
        "quantityKey": "dw-14460"
      },
      {
        "quantity": 20,
        "quantityKey": "dw-14450"
      },
      {
        "quantity": 20,
        "quantityKey": "dw-14452"
      },
      {
        "quantity": 20,
        "quantityKey": "dw-14434"
      },
      {
        "quantity": 20,
        "quantityKey": "dw-14390"
      },
      {
        "quantity": 20,
        "quantityKey": "dw-14398"
      },
      {
        "quantity": 20,
        "quantityKey": "dw-14400"
      },
      {
        "quantity": 20,
        "quantityKey": "dw-14392"
      },
      {
        "quantity": 20,
        "quantityKey": "dw-14474"
      },
      {
        "quantity": 20,
        "quantityKey": "dw-14466"
      },
      {
        "quantity": 20,
        "quantityKey": "default"
      },
      {
        "quantity": 20,
        "quantityKey": "dw-14444"
      },
      {
        "quantity": 20,
        "quantityKey": "dw-14458"
      },
      {
        "quantity": 20,
        "quantityKey": "dw-14442"
      },
      {
        "quantity": 20,
        "quantityKey": "dw-14406"
      },
      {
        "quantity": 20,
        "quantityKey": "dw-14436"
      },
      {
        "quantity": 20,
        "quantityKey": "dw-14416"
      },
      {
        "quantity": 20,
        "quantityKey": "dw-14468"
      },
      {
        "quantity": 20,
        "quantityKey": "dw-14422"
      },
      {
        "quantity": 20,
        "quantityKey": "dw-14426"
      },
      {
        "quantity": 20,
        "quantityKey": "dw-14428"
      },
      {
        "quantity": 20,
        "quantityKey": "dw-14408"
      }
    ],
    "emission": 0,
    "allergies": [
      {
        "id": 13,
        "infoSource": null,
        "level": {
          "enumType": "se.mat.mycroft.enums.AllergyLevel",
          "name": "TRACES"
        },
        "substanceName": "Sesamfrön"
      },
      {
        "id": 3,
        "infoSource": null,
        "level": {
          "enumType": "se.mat.mycroft.enums.AllergyLevel",
          "name": "CONTAINS"
        },
        "substanceName": "Ägg"
      },
      {
        "id": 10,
        "infoSource": null,
        "level": {
          "enumType": "se.mat.mycroft.enums.AllergyLevel",
          "name": "TRACES"
        },
        "substanceName": "Nötter"
      },
      {
        "id": 5,
        "infoSource": null,
        "level": {
          "enumType": "se.mat.mycroft.enums.AllergyLevel",
          "name": "CONTAINS"
        },
        "substanceName": "Jordnötter"
      },
      {
        "id": 7,
        "infoSource": null,
        "level": {
          "enumType": "se.mat.mycroft.enums.AllergyLevel",
          "name": "CONTAINS"
        },
        "substanceName": "Mjölk"
      },
      {
        "id": 6,
        "infoSource": null,
        "level": {
          "enumType": "se.mat.mycroft.enums.AllergyLevel",
          "name": "TRACES"
        },
        "substanceName": "Sojabönor"
      }
    ],
    "warehouseProductMappingId": null,
    "productRelationship": {
      "canBeReplacedWithProductIds": [],
      "canBeSubstitutedWithProductIds": [],
      "sameContentProductIds": []
    },
    "soldCount": 365,
    "variety": "",
    "isAgreeWithPersonalTerms": null,
    "hasDeclinedPersonalAgreement": null,
    "probability": null,
    "productCountries": [],
    "productVarieties": [],
    "productBanner": null,
    "isShowOnTopProduct": false,
    "primaryCategoryNamePath": "Mat.se Göteborg/Hälsa & Träning/Bars"
  },
  {
    "id": 94168,
    "dateCreated": "Wed Nov 08 11:04:00 CET 2017",
    "name": "Protein Packed Peanuts & Chocholate Protein Bar",
    "showPrice": "16,95  kr",
    "friendlyUrl": "protein-packed-eat-natural-45g",
    "formattedName": "Protein Packed Peanuts & Chocholate Protein Bar",
    "ean": "96103890",
    "countryOfOrigin": "GB",
    "translatedCountryName": "Storbritannien",
    "labelTags": [],
    "hasImage": true,
    "imageUrl": "https://d1hr6nb56yyl1.cloudfront.net/product-images/94168-150.jpg",
    "brand": {
      "id": 5586,
      "name": "Eat Natural"
    },
    "categories": [
      {
        "id": 11474,
        "name": "Bars"
      },
      {
        "id": 4336,
        "name": "Bars"
      }
    ],
    "displayBrand": "Eat Natural",
    "favouriteCount": 103,
    "active": true,
    "inStockQuantity": 14,
    "orderable": true,
    "price": 16.95,
    "priceWithoutVat": 15.1339285714,
    "recommendedRetailPrice": null,
    "readableComparisonPrice": "376,67 kr/kg",
    "discount": null,
    "discountedPrice": 0,
    "size": "45G",
    "weightProduct": false,
    "vat": 12,
    "content": "JORDNÖT/PEANØTTER 45%, glukossirap, mörk choklad 12% (kakaomassa, socker, druvsocker, emulgeringsmedel: SOJA-LECITIN), SOJA-PROTEINKRISP 8%, riven kokos 8%, honung, puffat ris (ris, socker), kakaopulver, salt.",
    "nutrition": "Näringsvärde per 100 Gram\nenergi 2082 Kilojoule\nenergi 477 Kilokalori\nfett 29.5 Gram\nvarav mättat fett 10.4 Gram\nkolhydrat 31 Gram\nvarav sockerarter 21.7 Gram\nfiber 6.4 Gram\nprotein 22 Gram\nsalt 0.53 Gram",
    "durability": null,
    "recycling": null,
    "detail": "Glutenfritt, härligt mellanmål som passar alla.\n\nFörvaras svalt och torrt",
    "storage": "Förvaras svalt och torrt",
    "combinedNameWithBrand": "Protein Packed Peanuts & Chocholate Protein Bar Eat Natural",
    "averageProductLife": 0,
    "minimumDaysBeforeExpire": 31,
    "averageUnitWeight": 46,
    "weight": 46,
    "isMixable": false,
    "idRequired": 0,
    "tagNames": [],
    "featured": false,
    "campaignRank": 343,
    "availableQuantities": [
      {
        "quantity": 14,
        "quantityKey": "dw-14408"
      },
      {
        "quantity": 14,
        "quantityKey": "dw-14416"
      },
      {
        "quantity": 14,
        "quantityKey": "dw-14468"
      },
      {
        "quantity": 14,
        "quantityKey": "default"
      },
      {
        "quantity": 14,
        "quantityKey": "dw-14426"
      },
      {
        "quantity": 14,
        "quantityKey": "dw-14406"
      },
      {
        "quantity": 14,
        "quantityKey": "dw-14436"
      },
      {
        "quantity": 14,
        "quantityKey": "dw-14458"
      },
      {
        "quantity": 14,
        "quantityKey": "dw-14398"
      },
      {
        "quantity": 14,
        "quantityKey": "dw-14442"
      },
      {
        "quantity": 7,
        "quantityKey": "dw-14390"
      },
      {
        "quantity": 14,
        "quantityKey": "dw-14444"
      },
      {
        "quantity": 14,
        "quantityKey": "dw-14422"
      },
      {
        "quantity": 14,
        "quantityKey": "dw-14428"
      },
      {
        "quantity": 14,
        "quantityKey": "dw-14392"
      },
      {
        "quantity": 14,
        "quantityKey": "dw-14466"
      },
      {
        "quantity": 14,
        "quantityKey": "dw-14460"
      },
      {
        "quantity": 14,
        "quantityKey": "dw-14452"
      },
      {
        "quantity": 14,
        "quantityKey": "dw-14400"
      },
      {
        "quantity": 14,
        "quantityKey": "dw-14414"
      },
      {
        "quantity": 14,
        "quantityKey": "dw-14434"
      },
      {
        "quantity": 14,
        "quantityKey": "dw-14474"
      },
      {
        "quantity": 14,
        "quantityKey": "dw-14450"
      }
    ],
    "emission": 0,
    "allergies": [
      {
        "id": 5,
        "infoSource": null,
        "level": {
          "enumType": "se.mat.mycroft.enums.AllergyLevel",
          "name": "CONTAINS"
        },
        "substanceName": "Jordnötter"
      },
      {
        "id": 10,
        "infoSource": null,
        "level": {
          "enumType": "se.mat.mycroft.enums.AllergyLevel",
          "name": "TRACES"
        },
        "substanceName": "Nötter"
      },
      {
        "id": 6,
        "infoSource": null,
        "level": {
          "enumType": "se.mat.mycroft.enums.AllergyLevel",
          "name": "CONTAINS"
        },
        "substanceName": "Sojabönor"
      },
      {
        "id": 13,
        "infoSource": null,
        "level": {
          "enumType": "se.mat.mycroft.enums.AllergyLevel",
          "name": "TRACES"
        },
        "substanceName": "Sesamfrön"
      },
      {
        "id": 7,
        "infoSource": null,
        "level": {
          "enumType": "se.mat.mycroft.enums.AllergyLevel",
          "name": "TRACES"
        },
        "substanceName": "Mjölk"
      }
    ],
    "warehouseProductMappingId": null,
    "productRelationship": {
      "canBeReplacedWithProductIds": [],
      "canBeSubstitutedWithProductIds": [
        92890
      ],
      "sameContentProductIds": []
    },
    "soldCount": 681,
    "variety": "",
    "isAgreeWithPersonalTerms": null,
    "hasDeclinedPersonalAgreement": null,
    "probability": null,
    "productCountries": [],
    "productVarieties": [],
    "productBanner": null,
    "isShowOnTopProduct": false,
    "primaryCategoryNamePath": "Mat.se Göteborg/Hälsa & Träning/Bars"
  },
  {
    "id": 64637,
    "dateCreated": "Wed Feb 11 12:35:26 CET 2015",
    "name": "Protein Bar Coconut",
    "showPrice": "12,95  kr",
    "friendlyUrl": "proteinbar-coco-proteinpro-45-g",
    "formattedName": "Protein Bar Coconut",
    "ean": "7350021420510",
    "countryOfOrigin": "SE",
    "translatedCountryName": "Sverige",
    "labelTags": [],
    "hasImage": true,
    "imageUrl": "https://d1hr6nb56yyl1.cloudfront.net/product-images/64637-150.jpg",
    "brand": {
      "id": 5389,
      "name": "PROBRANDS"
    },
    "categories": [
      {
        "id": 11474,
        "name": "Bars"
      },
      {
        "id": 9230,
        "name": "Proteintillskott"
      },
      {
        "id": 4336,
        "name": "Bars"
      }
    ],
    "displayBrand": "PROBRANDS",
    "favouriteCount": 511,
    "active": true,
    "inStockQuantity": 33,
    "orderable": true,
    "price": 12.95,
    "priceWithoutVat": 11.5625,
    "recommendedRetailPrice": null,
    "readableComparisonPrice": "287,78 kr/kg",
    "discount": null,
    "discountedPrice": 0,
    "size": "45G",
    "weightProduct": false,
    "vat": 12,
    "content": "Proteinblandning 40,9% (kollagenhydrolysat, SOJA-/SOYAproteinisolat, vassle-/myse-/valleprotein koncentrat (MJÖLK/MELK/MÆLK), MJÖLK-/MELK-/MÆLK proteinisolat), MJÖLKchoklad/ MELK/MÆLKsjokolade med sötningsmedel/søtstoff 15% (sötningsmedel/søtstoff (maltitol), kakaosmör, hel MJÖLK-/MELK-/MÆLK pulver, kakaomassa, fettreducerad kakaopulver, emulgeringsmedel/emulgator (solros/solsikke lecitin), arom), fuktighetsbevarande medel (glycerol), fruktooligosackarider, sötningsmedel/søtstoff (maltitol), rapsolja, rice crisps (ris, morot/gulrot), kokos 2,9 %, kakaosmör, emulgeringsmedel/emulgator (SOJA-/SOYALECITIN), arom. Kan innehålla spår av JORDNÖT och TRÄDNÖTTER.",
    "nutrition": "Näringsvärde per 100 Gram\nenergi 1596 Kilojoule\nenergi 382 Kilokalori\nfett 14 Gram\nvarav mättat fett 6.4 Gram\nkolhydrat 39 Gram\nvarav sockerarter 3.9 Gram\nsockeralkoholer 23 Gram\nfiber 7.4 Gram\nprotein 38 Gram\nsalt 0.5 Gram",
    "durability": null,
    "recycling": null,
    "detail": "Härlig smak! Högt proteininnehåll! Inget tillsatt socker! Inte så konstigt att det här är en av våra storsäljare!",
    "storage": "Förvaras vid högst 25 °C",
    "combinedNameWithBrand": "Protein Bar Coconut Probrands",
    "averageProductLife": 0,
    "minimumDaysBeforeExpire": 31,
    "averageUnitWeight": 46,
    "weight": 46,
    "isMixable": false,
    "idRequired": 0,
    "tagNames": [
      "mellanmål",
      "energikaka",
      "snack",
      "hälsoliv",
      "proteinbar",
      "Protein",
      "bars",
      "bar",
      "energibar",
      "proteinpro",
      "ProteinPRO Proteinbar Coconut 45 g",
      "återhämtning",
      "hälsa",
      "koksbar",
      "coconut",
      "powerbar",
      "Energybar",
      "Träning&Måbra",
      "viktkontroll",
      "hälsokost"
    ],
    "featured": false,
    "campaignRank": 195,
    "availableQuantities": [
      {
        "quantity": 33,
        "quantityKey": "dw-14414"
      },
      {
        "quantity": 33,
        "quantityKey": "dw-14426"
      },
      {
        "quantity": 33,
        "quantityKey": "dw-14436"
      },
      {
        "quantity": 33,
        "quantityKey": "default"
      },
      {
        "quantity": 33,
        "quantityKey": "dw-14390"
      },
      {
        "quantity": 33,
        "quantityKey": "dw-14450"
      },
      {
        "quantity": 33,
        "quantityKey": "dw-14408"
      },
      {
        "quantity": 33,
        "quantityKey": "dw-14400"
      },
      {
        "quantity": 33,
        "quantityKey": "dw-14460"
      },
      {
        "quantity": 33,
        "quantityKey": "dw-14444"
      },
      {
        "quantity": 33,
        "quantityKey": "dw-14398"
      },
      {
        "quantity": 33,
        "quantityKey": "dw-14466"
      },
      {
        "quantity": 33,
        "quantityKey": "dw-14480"
      },
      {
        "quantity": 33,
        "quantityKey": "dw-14468"
      },
      {
        "quantity": 33,
        "quantityKey": "dw-14452"
      },
      {
        "quantity": 33,
        "quantityKey": "dw-14474"
      },
      {
        "quantity": 33,
        "quantityKey": "dw-14416"
      },
      {
        "quantity": 33,
        "quantityKey": "dw-14428"
      },
      {
        "quantity": 33,
        "quantityKey": "dw-14406"
      },
      {
        "quantity": 33,
        "quantityKey": "dw-14442"
      },
      {
        "quantity": 33,
        "quantityKey": "dw-14478"
      },
      {
        "quantity": 33,
        "quantityKey": "dw-14422"
      },
      {
        "quantity": 33,
        "quantityKey": "dw-14458"
      },
      {
        "quantity": 33,
        "quantityKey": "dw-14434"
      },
      {
        "quantity": 33,
        "quantityKey": "dw-14392"
      }
    ],
    "emission": 0,
    "allergies": [
      {
        "id": 6,
        "infoSource": null,
        "level": {
          "enumType": "se.mat.mycroft.enums.AllergyLevel",
          "name": "CONTAINS"
        },
        "substanceName": "Sojabönor"
      },
      {
        "id": 7,
        "infoSource": null,
        "level": {
          "enumType": "se.mat.mycroft.enums.AllergyLevel",
          "name": "CONTAINS"
        },
        "substanceName": "Mjölk"
      },
      {
        "id": 5,
        "infoSource": null,
        "level": {
          "enumType": "se.mat.mycroft.enums.AllergyLevel",
          "name": "TRACES"
        },
        "substanceName": "Jordnötter"
      },
      {
        "id": 10,
        "infoSource": null,
        "level": {
          "enumType": "se.mat.mycroft.enums.AllergyLevel",
          "name": "TRACES"
        },
        "substanceName": "Nötter"
      }
    ],
    "warehouseProductMappingId": null,
    "productRelationship": {
      "canBeReplacedWithProductIds": [],
      "canBeSubstitutedWithProductIds": [
        95424,
        37256,
        90634,
        64476,
        71870,
        94958
      ],
      "sameContentProductIds": []
    },
    "soldCount": 3386,
    "variety": "",
    "isAgreeWithPersonalTerms": null,
    "hasDeclinedPersonalAgreement": null,
    "probability": null,
    "productCountries": [],
    "productVarieties": [],
    "productBanner": null,
    "isShowOnTopProduct": false,
    "primaryCategoryNamePath": "Mat.se Göteborg/Hälsa & Träning/Bars"
  },
  {
    "id": 128624,
    "dateCreated": "Mon Nov 08 00:21:27 CET 2021",
    "name": "Marshmallow Rocky Road Proteinbar",
    "showPrice": "25,50  kr",
    "friendlyUrl": "xmas-2021-proteinbar-barebells-55g",
    "formattedName": "Marshmallow Rocky Road Proteinbar",
    "ean": "7340001804409",
    "countryOfOrigin": "EU",
    "translatedCountryName": "EU",
    "labelTags": [],
    "hasImage": true,
    "imageUrl": "https://d1hr6nb56yyl1.cloudfront.net/product-images/128624-150.jpg",
    "brand": {
      "id": 3423,
      "name": "Barebells"
    },
    "categories": [
      {
        "id": 11474,
        "name": "Bars"
      }
    ],
    "displayBrand": "Barebells",
    "favouriteCount": 37,
    "active": true,
    "inStockQuantity": 9,
    "orderable": true,
    "price": 25.5,
    "priceWithoutVat": 22.7678571429,
    "recommendedRetailPrice": null,
    "readableComparisonPrice": "463,64 kr/kg",
    "discount": null,
    "discountedPrice": 0,
    "size": "55G",
    "weightProduct": false,
    "vat": 12,
    "content": "MJÖLKPROTEIN, sötningsmedel (maltitol, xylitol, sukralos), fuktighetsbevarande medel (glycerol), kollagenpeptider, kakaosmör, fyllnadsmedel (polydextros), HELMJÖLKSPULVER, JORDNÖTTER, SOJAPROTEIN, kakaomassa, löslig majsfiber, SOJAOLJA, solrosolja, fettreducerat kakaopulver, salt, arom, emulgeringsmedel (SOJALECITIN), tapiokastärkelse. Kan innehålla spår av GLUTEN, ÄGG, NÖTTER och SESAMFRÖ.",
    "nutrition": "Näringsvärde per 100 Gram\nenergi 1587 Kilojoule\nenergi 381 Kilokalori\nfett 18 Gram\nvarav mättat fett 8.6 Gram\nkolhydrat 32 Gram\nvarav sockerarter 3.7 Gram\nfiber 7.1 Gram\nprotein 31 Gram\nsalt 0.86 Gram",
    "durability": null,
    "recycling": null,
    "detail": "Proteinbar med jordnötter (7,5%), ett lager av marshmallow (22%) och mjölkchokladöverdrag (29%). Innehåller sötningsmedel. Innehåller naturligt förekommande socker. Utan palmolja.\n\nÖverdriven konsumtion kan ha laxerande effekt. Sorteras som plastförpackning.\n\nFörvaras i rumstemperatur.",
    "storage": "Förvaras i rumstemperatur.",
    "combinedNameWithBrand": "Marshmallow Rocky Road Proteinbar Barebells",
    "averageProductLife": 0,
    "minimumDaysBeforeExpire": 31,
    "averageUnitWeight": 56,
    "weight": 56,
    "isMixable": false,
    "idRequired": 0,
    "tagNames": [
      "utan",
      "added",
      "No",
      "Sugar",
      "UTS",
      "proteinbar",
      "tillsatt",
      "Socker"
    ],
    "featured": false,
    "campaignRank": 248,
    "availableQuantities": [
      {
        "quantity": 9,
        "quantityKey": "dw-14406"
      },
      {
        "quantity": 9,
        "quantityKey": "default"
      },
      {
        "quantity": 9,
        "quantityKey": "dw-14414"
      },
      {
        "quantity": 9,
        "quantityKey": "dw-14422"
      },
      {
        "quantity": 9,
        "quantityKey": "dw-14450"
      },
      {
        "quantity": 9,
        "quantityKey": "dw-14426"
      },
      {
        "quantity": 9,
        "quantityKey": "dw-14442"
      },
      {
        "quantity": 9,
        "quantityKey": "dw-14428"
      },
      {
        "quantity": 9,
        "quantityKey": "dw-14452"
      },
      {
        "quantity": 9,
        "quantityKey": "dw-14400"
      },
      {
        "quantity": 9,
        "quantityKey": "dw-14392"
      },
      {
        "quantity": 9,
        "quantityKey": "dw-14460"
      },
      {
        "quantity": 9,
        "quantityKey": "dw-14474"
      },
      {
        "quantity": 9,
        "quantityKey": "dw-14416"
      },
      {
        "quantity": 9,
        "quantityKey": "dw-14408"
      },
      {
        "quantity": 9,
        "quantityKey": "dw-14436"
      },
      {
        "quantity": 9,
        "quantityKey": "dw-14444"
      },
      {
        "quantity": 9,
        "quantityKey": "dw-14458"
      },
      {
        "quantity": 9,
        "quantityKey": "dw-14398"
      },
      {
        "quantity": 9,
        "quantityKey": "dw-14434"
      },
      {
        "quantity": 9,
        "quantityKey": "dw-14390"
      },
      {
        "quantity": 9,
        "quantityKey": "dw-14466"
      },
      {
        "quantity": 9,
        "quantityKey": "dw-14468"
      }
    ],
    "emission": 0,
    "allergies": [
      {
        "id": 10,
        "infoSource": null,
        "level": {
          "enumType": "se.mat.mycroft.enums.AllergyLevel",
          "name": "TRACES"
        },
        "substanceName": "Nötter"
      },
      {
        "id": 6,
        "infoSource": null,
        "level": {
          "enumType": "se.mat.mycroft.enums.AllergyLevel",
          "name": "CONTAINS"
        },
        "substanceName": "Sojabönor"
      },
      {
        "id": 1,
        "infoSource": null,
        "level": {
          "enumType": "se.mat.mycroft.enums.AllergyLevel",
          "name": "TRACES"
        },
        "substanceName": "Gluten"
      },
      {
        "id": 7,
        "infoSource": null,
        "level": {
          "enumType": "se.mat.mycroft.enums.AllergyLevel",
          "name": "CONTAINS"
        },
        "substanceName": "Mjölk"
      },
      {
        "id": 5,
        "infoSource": null,
        "level": {
          "enumType": "se.mat.mycroft.enums.AllergyLevel",
          "name": "CONTAINS"
        },
        "substanceName": "Jordnötter"
      },
      {
        "id": 3,
        "infoSource": null,
        "level": {
          "enumType": "se.mat.mycroft.enums.AllergyLevel",
          "name": "TRACES"
        },
        "substanceName": "Ägg"
      },
      {
        "id": 13,
        "infoSource": null,
        "level": {
          "enumType": "se.mat.mycroft.enums.AllergyLevel",
          "name": "TRACES"
        },
        "substanceName": "Sesamfrön"
      }
    ],
    "warehouseProductMappingId": null,
    "productRelationship": {
      "canBeReplacedWithProductIds": [],
      "canBeSubstitutedWithProductIds": [],
      "sameContentProductIds": []
    },
    "soldCount": 172,
    "variety": "",
    "isAgreeWithPersonalTerms": null,
    "hasDeclinedPersonalAgreement": null,
    "probability": null,
    "productCountries": [],
    "productVarieties": [],
    "productBanner": null,
    "isShowOnTopProduct": false,
    "primaryCategoryNamePath": "Mat.se Göteborg/Hälsa & Träning/Bars"
  },
  {
    "id": 104445,
    "dateCreated": "Wed Apr 03 09:04:56 CEST 2019",
    "name": "Swebar Chokladboll Proteinbar",
    "showPrice": "20,50  kr",
    "friendlyUrl": "swebar-chokladboll-proteinbar-dalblads-55g",
    "formattedName": "Swebar Chokladboll Proteinbar",
    "ean": "7350028545865",
    "countryOfOrigin": "SE",
    "translatedCountryName": "Sverige",
    "labelTags": [],
    "hasImage": true,
    "imageUrl": "https://d1hr6nb56yyl1.cloudfront.net/product-images/104445-150.jpg",
    "brand": {
      "id": 1319,
      "name": "DALBLADS"
    },
    "categories": [
      {
        "id": 11474,
        "name": "Bars"
      },
      {
        "id": 4336,
        "name": "Bars"
      },
      {
        "id": 9230,
        "name": "Proteintillskott"
      }
    ],
    "displayBrand": "DALBLADS",
    "favouriteCount": 185,
    "active": true,
    "inStockQuantity": 22,
    "orderable": true,
    "price": 20.5,
    "priceWithoutVat": 18.3035714286,
    "recommendedRetailPrice": null,
    "readableComparisonPrice": "372,73 kr/kg",
    "discount": null,
    "discountedPrice": 0,
    "size": "55G",
    "weightProduct": false,
    "vat": 12,
    "content": "Vassleproteinisolat/myseproteinisolat (från MJÖLK/MELK), mörk choklad/mørk sjokolade (16%) (kakaomassa, socker/sukker, kakaosmör, emulgeringsmedel (SOJALECITIN/SOYALECITIN), arom), glukossirap, fruktossirap, överdrag/overtrekk (socker/sukker, vegetabilisk olja och fett (palm/palme, shea), fettreducerad kakao, emulgeringsmedel (SOJALECITIN/SOYALECITIN, sorbitantristearat), arom), HAVREGRYN (5%), MJÖLKPROTEIN/MELKEPROTEIN, ÄGGVITEPROTEIN/EGGEHVITEPROTEIN, solrosolja/solsikkeolje, torkad/tørket kokos (1,3%), salt, arom. Kan innehålla spår/spor av SOJAPROTEIN/SOYAPROTEIN.",
    "nutrition": "Näringsvärde per 100 Gram\nenergi 1700 Kilojoule\nenergi 410 Kilokalori\nfett 14 Gram\nvarav mättat fett 8.6 Gram\nkolhydrat 43 Gram\nvarav sockerarter 33 Gram\nprotein 30 Gram\nsalt 0.6 Gram",
    "durability": null,
    "recycling": null,
    "detail": "Swebar Original Chokladboll är redan en klassiker med tydlig smak av choklad och havre, toppat med kokosflingor. Med sitt höga proteininnehåll passar den perfekt som återhämtning och belöning efter ett hårt träningspass. Proteinet absorberas snabbt av kroppen och når musklerna omedelbart, vilket är extra bra för dess reparation och uppbyggnad. Med en Swebar efter ett träningspass är du snabbt återhämtad och redo för nästa. Swebar Original Chokladboll  har ej tillsatta nötter.\n\nEfter träning eller som mellanmål",
    "storage": "Förvaras vid högst 25 °C",
    "combinedNameWithBrand": "Swebar Chokladboll Proteinbar Dalblads",
    "averageProductLife": 0,
    "minimumDaysBeforeExpire": 31,
    "averageUnitWeight": 56,
    "weight": 56,
    "isMixable": false,
    "idRequired": 0,
    "tagNames": [],
    "featured": false,
    "campaignRank": 219,
    "availableQuantities": [
      {
        "quantity": 22,
        "quantityKey": "dw-14414"
      },
      {
        "quantity": 22,
        "quantityKey": "dw-14392"
      },
      {
        "quantity": 22,
        "quantityKey": "dw-14474"
      },
      {
        "quantity": 22,
        "quantityKey": "default"
      },
      {
        "quantity": 22,
        "quantityKey": "dw-14450"
      },
      {
        "quantity": 22,
        "quantityKey": "dw-14460"
      },
      {
        "quantity": 22,
        "quantityKey": "dw-14466"
      },
      {
        "quantity": 22,
        "quantityKey": "dw-14400"
      },
      {
        "quantity": 22,
        "quantityKey": "dw-14434"
      },
      {
        "quantity": 22,
        "quantityKey": "dw-14458"
      },
      {
        "quantity": 22,
        "quantityKey": "dw-14444"
      },
      {
        "quantity": 22,
        "quantityKey": "dw-14398"
      },
      {
        "quantity": 22,
        "quantityKey": "dw-14442"
      },
      {
        "quantity": 22,
        "quantityKey": "dw-14468"
      },
      {
        "quantity": 22,
        "quantityKey": "dw-14452"
      },
      {
        "quantity": 22,
        "quantityKey": "dw-14428"
      },
      {
        "quantity": 22,
        "quantityKey": "dw-14416"
      },
      {
        "quantity": 22,
        "quantityKey": "dw-14406"
      },
      {
        "quantity": 22,
        "quantityKey": "dw-14436"
      },
      {
        "quantity": 22,
        "quantityKey": "dw-14422"
      },
      {
        "quantity": 7,
        "quantityKey": "dw-14390"
      },
      {
        "quantity": 22,
        "quantityKey": "dw-14408"
      },
      {
        "quantity": 22,
        "quantityKey": "dw-14426"
      }
    ],
    "emission": 0,
    "allergies": [
      {
        "id": 7,
        "infoSource": null,
        "level": {
          "enumType": "se.mat.mycroft.enums.AllergyLevel",
          "name": "CONTAINS"
        },
        "substanceName": "Mjölk"
      },
      {
        "id": 6,
        "infoSource": null,
        "level": {
          "enumType": "se.mat.mycroft.enums.AllergyLevel",
          "name": "CONTAINS"
        },
        "substanceName": "Sojabönor"
      },
      {
        "id": 3,
        "infoSource": null,
        "level": {
          "enumType": "se.mat.mycroft.enums.AllergyLevel",
          "name": "CONTAINS"
        },
        "substanceName": "Ägg"
      },
      {
        "id": 1,
        "infoSource": null,
        "level": {
          "enumType": "se.mat.mycroft.enums.AllergyLevel",
          "name": "CONTAINS"
        },
        "substanceName": "Gluten"
      }
    ],
    "warehouseProductMappingId": null,
    "productRelationship": {
      "canBeReplacedWithProductIds": [],
      "canBeSubstitutedWithProductIds": [],
      "sameContentProductIds": []
    },
    "soldCount": 858,
    "variety": "",
    "isAgreeWithPersonalTerms": null,
    "hasDeclinedPersonalAgreement": null,
    "probability": null,
    "productCountries": [],
    "productVarieties": [],
    "productBanner": null,
    "isShowOnTopProduct": false,
    "primaryCategoryNamePath": "Mat.se Göteborg/Hälsa & Träning/Bars"
  },
  {
    "id": 119574,
    "dateCreated": "Tue Feb 16 15:52:42 CET 2021",
    "name": "Protein Bar Choco",
    "showPrice": "26,95  kr",
    "friendlyUrl": "protein-bar-choco-be-kind-50g",
    "formattedName": "Protein Bar Choco",
    "ean": "5000159527118",
    "countryOfOrigin": "GB",
    "translatedCountryName": "Storbritannien",
    "labelTags": [
      {
        "id": 14,
        "name": "Särnär fri från gluten",
        "tag": "fri_gluten"
      }
    ],
    "hasImage": true,
    "imageUrl": "https://d1hr6nb56yyl1.cloudfront.net/product-images/119574-150.jpg",
    "brand": {
      "id": 5308,
      "name": "BE-KIND"
    },
    "categories": [
      {
        "id": 11474,
        "name": "Bars"
      },
      {
        "id": 4336,
        "name": "Bars"
      }
    ],
    "displayBrand": "BE-KIND",
    "favouriteCount": 28,
    "active": true,
    "inStockQuantity": 7,
    "orderable": true,
    "price": 26.95000076293945,
    "priceWithoutVat": 24.06250068119594,
    "recommendedRetailPrice": null,
    "readableComparisonPrice": "539 kr/kg",
    "discount": null,
    "discountedPrice": 0,
    "size": "50G",
    "weightProduct": false,
    "vat": 12,
    "content": "JORDNÖT/JORDNØD/PEANØTT, MANDLAR/MANDLER, mörk/mørk choklad/sjokolade/chokolade (socker/sukker, kakaomassa/masse, kakaosmör/kakaosmør, fettreducerat kakaopulver, emulgeringsmedel/emulgator (SOJA-/SOYALECITIN), naturligt ämne/aromastof), glukossirap/glukosesirup, proteincrispies (SOYAPROTEINISOLAT, tapiokastärkelse/tapiokastivelse, salt), honung/honning, kakaomassa/masse, JORDNÖTSSMÖR/PEANØTTSMØR/JORDNØDDESMØR (JORDNÖTTER/JORDNØDDER/PEANØTTER, salt), naturligt ämne/aromastof, emulgeringsmedel/emulgator (SOJA-/SOYALECITIN), Havsalt. (Kan innehålle/inneholde: MJÖLK/MÆLK/MELK och/og andra NÖTTER/NØDDER/NØTTER).",
    "nutrition": "Näringsvärde per 100 Gram\nenergi 2205 Kilojoule\nenergi 530 Kilokalori\nfett 36 Gram\nvarav mättat fett 6.8 Gram\nkolhydrat 27 Gram\nvarav sockerarter 18 Gram\nfiber 6 Gram\nprotein 23 Gram\nsalt 0.6 Gram",
    "durability": null,
    "recycling": null,
    "detail": "Dubbelt upp med smak i denna rika blandning av läcker mörk choklad, krispiga hela nötter och 12g av protein för en tillfredsställande boost av energi.\n\nFörvaras/Opbevares kyligt/køligt och torrt/tørt",
    "storage": "Förvaras/Opbevares kyligt/køligt och torrt/tørt",
    "combinedNameWithBrand": "Protein Bar Choco Be-kind",
    "averageProductLife": 0,
    "minimumDaysBeforeExpire": 31,
    "averageUnitWeight": 51,
    "weight": 51,
    "isMixable": false,
    "idRequired": 0,
    "tagNames": [],
    "featured": false,
    "campaignRank": 478,
    "availableQuantities": [
      {
        "quantity": 7,
        "quantityKey": "dw-14392"
      },
      {
        "quantity": 7,
        "quantityKey": "dw-14390"
      },
      {
        "quantity": 7,
        "quantityKey": "dw-14406"
      },
      {
        "quantity": 7,
        "quantityKey": "dw-14400"
      },
      {
        "quantity": 7,
        "quantityKey": "dw-14426"
      },
      {
        "quantity": 7,
        "quantityKey": "dw-14422"
      },
      {
        "quantity": 7,
        "quantityKey": "dw-14408"
      },
      {
        "quantity": 7,
        "quantityKey": "dw-14434"
      },
      {
        "quantity": 7,
        "quantityKey": "dw-14414"
      },
      {
        "quantity": 7,
        "quantityKey": "dw-14398"
      },
      {
        "quantity": 7,
        "quantityKey": "dw-14416"
      },
      {
        "quantity": 7,
        "quantityKey": "dw-14460"
      },
      {
        "quantity": 7,
        "quantityKey": "dw-14466"
      },
      {
        "quantity": 7,
        "quantityKey": "dw-14474"
      },
      {
        "quantity": 7,
        "quantityKey": "dw-14428"
      },
      {
        "quantity": 7,
        "quantityKey": "dw-14442"
      },
      {
        "quantity": 7,
        "quantityKey": "dw-14436"
      },
      {
        "quantity": 7,
        "quantityKey": "dw-14452"
      },
      {
        "quantity": 7,
        "quantityKey": "dw-14468"
      },
      {
        "quantity": 7,
        "quantityKey": "dw-14450"
      },
      {
        "quantity": 7,
        "quantityKey": "dw-14458"
      },
      {
        "quantity": 7,
        "quantityKey": "dw-14444"
      },
      {
        "quantity": 7,
        "quantityKey": "default"
      }
    ],
    "emission": 0,
    "allergies": [
      {
        "id": 7,
        "infoSource": null,
        "level": {
          "enumType": "se.mat.mycroft.enums.AllergyLevel",
          "name": "TRACES"
        },
        "substanceName": "Mjölk"
      },
      {
        "id": 18,
        "infoSource": null,
        "level": {
          "enumType": "se.mat.mycroft.enums.AllergyLevel",
          "name": "CONTAINS"
        },
        "substanceName": "Mandel"
      },
      {
        "id": 10,
        "infoSource": null,
        "level": {
          "enumType": "se.mat.mycroft.enums.AllergyLevel",
          "name": "TRACES"
        },
        "substanceName": "Nötter"
      },
      {
        "id": 5,
        "infoSource": null,
        "level": {
          "enumType": "se.mat.mycroft.enums.AllergyLevel",
          "name": "CONTAINS"
        },
        "substanceName": "Jordnötter"
      },
      {
        "id": 6,
        "infoSource": null,
        "level": {
          "enumType": "se.mat.mycroft.enums.AllergyLevel",
          "name": "CONTAINS"
        },
        "substanceName": "Sojabönor"
      }
    ],
    "warehouseProductMappingId": null,
    "productRelationship": {
      "canBeReplacedWithProductIds": [],
      "canBeSubstitutedWithProductIds": [],
      "sameContentProductIds": []
    },
    "soldCount": 237,
    "variety": "",
    "isAgreeWithPersonalTerms": null,
    "hasDeclinedPersonalAgreement": null,
    "probability": null,
    "productCountries": [],
    "productVarieties": [],
    "productBanner": null,
    "isShowOnTopProduct": false,
    "primaryCategoryNamePath": "Mat.se Göteborg/Hälsa & Träning/Bars"
  },
  {
    "id": 119568,
    "dateCreated": "Tue Feb 16 15:53:09 CET 2021",
    "name": "Protein Bar Peanut Butter",
    "showPrice": "26,95  kr",
    "friendlyUrl": "protein-bar-peanut-butter-be-kind-50g",
    "formattedName": "Protein Bar Peanut Butter",
    "ean": "5000159527088",
    "countryOfOrigin": "AT",
    "translatedCountryName": "Österrike",
    "labelTags": [
      {
        "id": 14,
        "name": "Särnär fri från gluten",
        "tag": "fri_gluten"
      }
    ],
    "hasImage": true,
    "imageUrl": "https://d1hr6nb56yyl1.cloudfront.net/product-images/119568-150.jpg",
    "brand": {
      "id": 5308,
      "name": "BE-KIND"
    },
    "categories": [
      {
        "id": 4336,
        "name": "Bars"
      },
      {
        "id": 11474,
        "name": "Bars"
      }
    ],
    "displayBrand": "BE-KIND",
    "favouriteCount": 27,
    "active": true,
    "inStockQuantity": 13,
    "orderable": true,
    "price": 26.95,
    "priceWithoutVat": 24.0625,
    "recommendedRetailPrice": null,
    "readableComparisonPrice": "539 kr/kg",
    "discount": null,
    "discountedPrice": 0,
    "size": "50G",
    "weightProduct": false,
    "vat": 12,
    "content": "JORDNÖT/JORDNØD/PEANØTT, jordnøtverdrag/jordnødovertrækk/penøttovertrekk (socker/sukker, palmkärnolja/palmekerneolie, JORDNÖTSMJÖL/JORDNØDDEMEL/PEANØTTMEL, FEDTFRIT/FETTFRITT MÆLKE-/MELKE-/MJÖLKPULVER, JORDNÖTSOLJA/JORDNØDDEOLIE/PEANØTTOLJE, salt, emulgeringsmedel / emulgator (SOJA-/SOYALECITIN)), cikoriarotfiber, SOYAPROTEINISOLAT, honning / honung, glukossirap/glukosesirup, Havsalt, emulgeringsmedel / emulgator (SOJA-/SOYALECITIN). (Kan innehålla: SESAMFRÖN/SESAMFRØ och / og andra NÖTTER / NØDDER / NØTTER).",
    "nutrition": "Näringsvärde per 100 Gram\nenergi 2104 Kilojoule\nenergi 526 Kilokalori\nfett 35 Gram\nvarav mättat fett 8.5 Gram\nkolhydrat 24 Gram\nvarav sockerarter 16 Gram\nfiber 9.6 Gram\nprotein 24 Gram\nsalt 0.69 Gram",
    "durability": null,
    "recycling": null,
    "detail": "Den perfekta mixen av jordnötssmör med extra crunch från hela jordnötter för en läcker växtprotein-hit\n\nFörvaras/Opbevares kyligt/køligt och torrt/tørt",
    "storage": "Förvaras/Opbevares kyligt/køligt och torrt/tørt",
    "combinedNameWithBrand": "Protein Bar Peanut Butter Be-kind",
    "averageProductLife": 0,
    "minimumDaysBeforeExpire": 31,
    "averageUnitWeight": 51,
    "weight": 51,
    "isMixable": false,
    "idRequired": 0,
    "tagNames": [],
    "featured": false,
    "campaignRank": 477,
    "availableQuantities": [
      {
        "quantity": 13,
        "quantityKey": "dw-14442"
      },
      {
        "quantity": 13,
        "quantityKey": "dw-14422"
      },
      {
        "quantity": 13,
        "quantityKey": "dw-14434"
      },
      {
        "quantity": 13,
        "quantityKey": "dw-14468"
      },
      {
        "quantity": 13,
        "quantityKey": "default"
      },
      {
        "quantity": 13,
        "quantityKey": "dw-14466"
      },
      {
        "quantity": 13,
        "quantityKey": "dw-14426"
      },
      {
        "quantity": 13,
        "quantityKey": "dw-14450"
      },
      {
        "quantity": 13,
        "quantityKey": "dw-14460"
      },
      {
        "quantity": 13,
        "quantityKey": "dw-14408"
      },
      {
        "quantity": 13,
        "quantityKey": "dw-14436"
      },
      {
        "quantity": 13,
        "quantityKey": "dw-14406"
      },
      {
        "quantity": 13,
        "quantityKey": "dw-14390"
      },
      {
        "quantity": 13,
        "quantityKey": "dw-14452"
      },
      {
        "quantity": 13,
        "quantityKey": "dw-14398"
      },
      {
        "quantity": 13,
        "quantityKey": "dw-14414"
      },
      {
        "quantity": 13,
        "quantityKey": "dw-14416"
      },
      {
        "quantity": 13,
        "quantityKey": "dw-14428"
      },
      {
        "quantity": 13,
        "quantityKey": "dw-14474"
      },
      {
        "quantity": 13,
        "quantityKey": "dw-14400"
      },
      {
        "quantity": 13,
        "quantityKey": "dw-14444"
      },
      {
        "quantity": 13,
        "quantityKey": "dw-14458"
      },
      {
        "quantity": 13,
        "quantityKey": "dw-14392"
      }
    ],
    "emission": 0,
    "allergies": [
      {
        "id": 6,
        "infoSource": null,
        "level": {
          "enumType": "se.mat.mycroft.enums.AllergyLevel",
          "name": "CONTAINS"
        },
        "substanceName": "Sojabönor"
      },
      {
        "id": 13,
        "infoSource": null,
        "level": {
          "enumType": "se.mat.mycroft.enums.AllergyLevel",
          "name": "TRACES"
        },
        "substanceName": "Sesamfrön"
      },
      {
        "id": 5,
        "infoSource": null,
        "level": {
          "enumType": "se.mat.mycroft.enums.AllergyLevel",
          "name": "CONTAINS"
        },
        "substanceName": "Jordnötter"
      },
      {
        "id": 7,
        "infoSource": null,
        "level": {
          "enumType": "se.mat.mycroft.enums.AllergyLevel",
          "name": "CONTAINS"
        },
        "substanceName": "Mjölk"
      },
      {
        "id": 10,
        "infoSource": null,
        "level": {
          "enumType": "se.mat.mycroft.enums.AllergyLevel",
          "name": "TRACES"
        },
        "substanceName": "Nötter"
      }
    ],
    "warehouseProductMappingId": null,
    "productRelationship": {
      "canBeReplacedWithProductIds": [],
      "canBeSubstitutedWithProductIds": [],
      "sameContentProductIds": []
    },
    "soldCount": 178,
    "variety": "",
    "isAgreeWithPersonalTerms": null,
    "hasDeclinedPersonalAgreement": null,
    "probability": null,
    "productCountries": [],
    "productVarieties": [],
    "productBanner": null,
    "isShowOnTopProduct": false,
    "primaryCategoryNamePath": "Mat.se Göteborg/Apoteksvaror/Vitaminer, Hälso- & Kosttillskott/Bars"
  },
  {
    "id": 100455,
    "dateCreated": "Wed Sep 19 15:01:04 CEST 2018",
    "name": "Hazelnut Caram Propud Protein Bar",
    "showPrice": "22,50  kr",
    "friendlyUrl": "propud-hazelnut-caramel-proteinbar-njie-55g",
    "formattedName": "Hazelnut Caram Propud Protein Bar",
    "ean": "7350068294143",
    "countryOfOrigin": "DE",
    "translatedCountryName": "Tyskland",
    "labelTags": [],
    "hasImage": true,
    "imageUrl": "https://d1hr6nb56yyl1.cloudfront.net/product-images/100455-150.jpg",
    "brand": {
      "id": 13382,
      "name": "Propud"
    },
    "categories": [
      {
        "id": 9230,
        "name": "Proteintillskott"
      },
      {
        "id": 11474,
        "name": "Bars"
      },
      {
        "id": 4336,
        "name": "Bars"
      }
    ],
    "displayBrand": "Propud",
    "favouriteCount": 207,
    "active": true,
    "inStockQuantity": 12,
    "orderable": true,
    "price": 22.5,
    "priceWithoutVat": 20.0892857143,
    "recommendedRetailPrice": null,
    "readableComparisonPrice": "409,09 kr/kg",
    "discount": null,
    "discountedPrice": 0,
    "size": "55G",
    "weightProduct": false,
    "vat": 12,
    "content": "MJÖLK/MELKE/MÆLKEPROTEIN, polydextrossirap (polydextros, vatten), sötningsmedel/søtstoffer (maltitol), kollagenpeptider (från nöt/biff/okse), kakaosmör, HASSELNÖTTER/NØTTER/NØDDER (8,4%), fuktighetsbevarande medel (glycerol), kakaopasta, HELMJÖLK/MELK/MÆLKSPULVER, SMÖR/SMØRFETT, salt, emulgeringsmedel/ emulgator (SOJA/SOYALECITIN), aromer, sötningsmedel/ søtstoffer (acesulfam K, aspartam). Innehåller en källa/kilde till fenylalanin/Indeholder en phenylalaninkilde. Innehåller naturligt förekommande socker/Med et naturlig innhold av sukker. Kan innehålla spår/ spor av ÄGG/EGG/ÆG, ANDRA NÖTTER/NØTTER/NØDDER, SESAM/SESAMFRØ och VETE/HVETE/HVEDE. Innehåller/holder polyoler.",
    "nutrition": "Näringsvärde per 100 Gram\nenergi 1645 Kilojoule\nenergi 395 Kilokalori\nfett 20 Gram\nvarav mättat fett 9.2 Gram\nkolhydrat 29 Gram\nvarav sockerarter 3.3 Gram\nsockeralkoholer 23 Gram\nfiber 10 Gram\nprotein 29 Gram\nsalt 0.33 Gram",
    "durability": null,
    "recycling": null,
    "detail": "ProPud Protein Bar Hazelnut Caramel - en proteinbar med smak av kola, strösslad med hasselnötter samt överdrag av mjölkchoklad. Utan tillsatt socker och 16 gram protein per bar. Utan palmolja.\n\nFörvaras torrt i rumstemperatur.",
    "storage": "Förvaras torrt i rumstemperatur.",
    "combinedNameWithBrand": "Hazelnut Caram Propud Protein Bar",
    "averageProductLife": 0,
    "minimumDaysBeforeExpire": 31,
    "averageUnitWeight": 56,
    "weight": 56,
    "isMixable": false,
    "idRequired": 0,
    "tagNames": [],
    "featured": false,
    "campaignRank": 248,
    "availableQuantities": [
      {
        "quantity": 12,
        "quantityKey": "dw-14398"
      },
      {
        "quantity": 12,
        "quantityKey": "dw-14422"
      },
      {
        "quantity": 12,
        "quantityKey": "dw-14442"
      },
      {
        "quantity": 12,
        "quantityKey": "dw-14444"
      },
      {
        "quantity": 12,
        "quantityKey": "dw-14414"
      },
      {
        "quantity": 12,
        "quantityKey": "dw-14426"
      },
      {
        "quantity": 12,
        "quantityKey": "dw-14392"
      },
      {
        "quantity": 12,
        "quantityKey": "default"
      },
      {
        "quantity": 12,
        "quantityKey": "dw-14434"
      },
      {
        "quantity": 12,
        "quantityKey": "dw-14436"
      },
      {
        "quantity": 12,
        "quantityKey": "dw-14390"
      },
      {
        "quantity": 12,
        "quantityKey": "dw-14408"
      },
      {
        "quantity": 12,
        "quantityKey": "dw-14474"
      },
      {
        "quantity": 12,
        "quantityKey": "dw-14406"
      },
      {
        "quantity": 12,
        "quantityKey": "dw-14416"
      },
      {
        "quantity": 12,
        "quantityKey": "dw-14452"
      },
      {
        "quantity": 12,
        "quantityKey": "dw-14468"
      },
      {
        "quantity": 12,
        "quantityKey": "dw-14458"
      },
      {
        "quantity": 12,
        "quantityKey": "dw-14460"
      },
      {
        "quantity": 12,
        "quantityKey": "dw-14400"
      },
      {
        "quantity": 12,
        "quantityKey": "dw-14428"
      },
      {
        "quantity": 12,
        "quantityKey": "dw-14450"
      },
      {
        "quantity": 12,
        "quantityKey": "dw-14466"
      }
    ],
    "emission": 0,
    "allergies": [
      {
        "id": 3,
        "infoSource": null,
        "level": {
          "enumType": "se.mat.mycroft.enums.AllergyLevel",
          "name": "TRACES"
        },
        "substanceName": "Ägg"
      },
      {
        "id": 1,
        "infoSource": null,
        "level": {
          "enumType": "se.mat.mycroft.enums.AllergyLevel",
          "name": "TRACES"
        },
        "substanceName": "Gluten"
      },
      {
        "id": 7,
        "infoSource": null,
        "level": {
          "enumType": "se.mat.mycroft.enums.AllergyLevel",
          "name": "CONTAINS"
        },
        "substanceName": "Mjölk"
      },
      {
        "id": 13,
        "infoSource": null,
        "level": {
          "enumType": "se.mat.mycroft.enums.AllergyLevel",
          "name": "TRACES"
        },
        "substanceName": "Sesamfrön"
      },
      {
        "id": 6,
        "infoSource": null,
        "level": {
          "enumType": "se.mat.mycroft.enums.AllergyLevel",
          "name": "CONTAINS"
        },
        "substanceName": "Sojabönor"
      },
      {
        "id": 10,
        "infoSource": null,
        "level": {
          "enumType": "se.mat.mycroft.enums.AllergyLevel",
          "name": "CONTAINS"
        },
        "substanceName": "Nötter"
      }
    ],
    "warehouseProductMappingId": null,
    "productRelationship": {
      "canBeReplacedWithProductIds": [],
      "canBeSubstitutedWithProductIds": [],
      "sameContentProductIds": []
    },
    "soldCount": 1190,
    "variety": "",
    "isAgreeWithPersonalTerms": null,
    "hasDeclinedPersonalAgreement": null,
    "probability": null,
    "productCountries": [],
    "productVarieties": [],
    "productBanner": null,
    "isShowOnTopProduct": false,
    "primaryCategoryNamePath": "Mat.se Göteborg/Apoteksvaror/Vitaminer, Hälso- & Kosttillskott/Proteintillskott"
  },
  {
    "id": 119410,
    "dateCreated": "Mon Nov 02 10:01:36 CET 2020",
    "name": "Creamy Crisp Proteinbar",
    "showPrice": "25,50  kr",
    "friendlyUrl": "christmas-holiday-puffs-proteinbar-barebells-55g",
    "formattedName": "Creamy Crisp Proteinbar",
    "ean": "7340001803655",
    "countryOfOrigin": "EU",
    "translatedCountryName": "EU",
    "labelTags": [],
    "hasImage": true,
    "imageUrl": "https://d1hr6nb56yyl1.cloudfront.net/product-images/119410-150.jpg",
    "brand": {
      "id": 3423,
      "name": "Barebells"
    },
    "categories": [
      {
        "id": 11474,
        "name": "Bars"
      },
      {
        "id": 4336,
        "name": "Bars"
      }
    ],
    "displayBrand": "Barebells",
    "favouriteCount": 107,
    "active": true,
    "inStockQuantity": 7,
    "orderable": true,
    "price": 25.5,
    "priceWithoutVat": 22.7678571429,
    "recommendedRetailPrice": null,
    "readableComparisonPrice": "463,64 kr/kg",
    "discount": null,
    "discountedPrice": 0,
    "size": "55G",
    "weightProduct": false,
    "vat": 12,
    "content": "MJÖLK-/MÆLKE-/MELKEPROTEIN, sötningsmedel/sødestoffer/søtstoffer (maltitol, sukralos), fuktighetsbevarande medel/fugtighedsbevarende middel (glycerol), kollagenpeptider, polydextros, kakaosmör, kakaomassa, SOJAKRISP/SOJACHIPS/SOYACRISPS (SOJAPROTEIN/SOYAPROTEIN, tapiokastärkelse/tapiokastivelse, salt), MJÖLK-/MÆLKE-/MELKEPULVER, vatten/vand, solrosolja/solsikkeolie, arom/aromaer, salt, emulgeringsmedel/emulgator (SOJALECITIN/lecithiner fra SOJA/SOYALECITIN). Kan innehålla spår av GLUTEN, ÄGG/ÆG/EGG, JORDNÖTTER/JORDNØDDER/PEANØTTER och NÖTTER/NØDDER/NØTTER",
    "nutrition": "Näringsvärde per 100 Gram\nenergi 1507 Kilojoule\nenergi 361 Kilokalori\nfett 14 Gram\nvarav mättat fett 7 Gram\nkolhydrat 29 Gram\nvarav sockerarter 2 Gram\nfiber 7.4 Gram\nprotein 36 Gram\nsalt 0.53 Gram",
    "durability": null,
    "recycling": null,
    "detail": "Proteinbar med sojapuffar (5%), mjölkchokladöverdrag (22%) och smak av kaka och kola. Innehåller sötningsmedel. Innehåller naturligt förekommande socker. Utan palmolja.\n\nÖverdriven konsumtion kan ha laxerande effekt. Sorteras som plastförpackning.\n\nFörvaras i rumstemperatur.",
    "storage": "Förvaras i rumstemperatur.",
    "combinedNameWithBrand": "Creamy Crisp Proteinbar Barebells",
    "averageProductLife": 0,
    "minimumDaysBeforeExpire": 31,
    "averageUnitWeight": 56,
    "weight": 56,
    "isMixable": false,
    "idRequired": 0,
    "tagNames": [
      "tillsatt",
      "proteinbar",
      "Sugar",
      "No",
      "added",
      "UTS",
      "utan",
      "Socker"
    ],
    "featured": false,
    "campaignRank": 237,
    "availableQuantities": [
      {
        "quantity": 7,
        "quantityKey": "dw-14468"
      },
      {
        "quantity": 7,
        "quantityKey": "dw-14436"
      },
      {
        "quantity": 7,
        "quantityKey": "dw-14478"
      },
      {
        "quantity": 7,
        "quantityKey": "dw-14428"
      },
      {
        "quantity": 7,
        "quantityKey": "dw-14422"
      },
      {
        "quantity": 7,
        "quantityKey": "dw-14398"
      },
      {
        "quantity": 7,
        "quantityKey": "dw-14408"
      },
      {
        "quantity": 7,
        "quantityKey": "dw-14390"
      },
      {
        "quantity": 7,
        "quantityKey": "dw-14480"
      },
      {
        "quantity": 7,
        "quantityKey": "dw-14450"
      },
      {
        "quantity": 7,
        "quantityKey": "default"
      },
      {
        "quantity": 7,
        "quantityKey": "dw-14416"
      },
      {
        "quantity": 7,
        "quantityKey": "dw-14406"
      },
      {
        "quantity": 7,
        "quantityKey": "dw-14466"
      },
      {
        "quantity": 7,
        "quantityKey": "dw-14458"
      },
      {
        "quantity": 7,
        "quantityKey": "dw-14444"
      },
      {
        "quantity": 7,
        "quantityKey": "dw-14474"
      },
      {
        "quantity": 7,
        "quantityKey": "dw-14414"
      },
      {
        "quantity": 7,
        "quantityKey": "dw-14434"
      },
      {
        "quantity": 7,
        "quantityKey": "dw-14442"
      },
      {
        "quantity": 7,
        "quantityKey": "dw-14392"
      },
      {
        "quantity": 7,
        "quantityKey": "dw-14400"
      },
      {
        "quantity": 7,
        "quantityKey": "dw-14426"
      },
      {
        "quantity": 7,
        "quantityKey": "dw-14460"
      },
      {
        "quantity": 7,
        "quantityKey": "dw-14452"
      }
    ],
    "emission": 0,
    "allergies": [
      {
        "id": 5,
        "infoSource": null,
        "level": {
          "enumType": "se.mat.mycroft.enums.AllergyLevel",
          "name": "TRACES"
        },
        "substanceName": "Jordnötter"
      },
      {
        "id": 10,
        "infoSource": null,
        "level": {
          "enumType": "se.mat.mycroft.enums.AllergyLevel",
          "name": "TRACES"
        },
        "substanceName": "Nötter"
      },
      {
        "id": 6,
        "infoSource": null,
        "level": {
          "enumType": "se.mat.mycroft.enums.AllergyLevel",
          "name": "CONTAINS"
        },
        "substanceName": "Sojabönor"
      },
      {
        "id": 7,
        "infoSource": null,
        "level": {
          "enumType": "se.mat.mycroft.enums.AllergyLevel",
          "name": "CONTAINS"
        },
        "substanceName": "Mjölk"
      },
      {
        "id": 1,
        "infoSource": null,
        "level": {
          "enumType": "se.mat.mycroft.enums.AllergyLevel",
          "name": "TRACES"
        },
        "substanceName": "Gluten"
      },
      {
        "id": 3,
        "infoSource": null,
        "level": {
          "enumType": "se.mat.mycroft.enums.AllergyLevel",
          "name": "TRACES"
        },
        "substanceName": "Ägg"
      }
    ],
    "warehouseProductMappingId": null,
    "productRelationship": {
      "canBeReplacedWithProductIds": [],
      "canBeSubstitutedWithProductIds": [],
      "sameContentProductIds": []
    },
    "soldCount": 644,
    "variety": "",
    "isAgreeWithPersonalTerms": null,
    "hasDeclinedPersonalAgreement": null,
    "probability": null,
    "productCountries": [],
    "productVarieties": [],
    "productBanner": null,
    "isShowOnTopProduct": false,
    "primaryCategoryNamePath": "Mat.se Göteborg/Hälsa & Träning/Bars"
  },
  {
    "id": 116033,
    "dateCreated": "Mon Apr 06 10:44:48 CEST 2020",
    "name": "Hazelnut Vegan Bar",
    "showPrice": "25,50  kr",
    "friendlyUrl": "hazelnut-vegan-bar-barebells-55g",
    "formattedName": "Hazelnut Vegan Bar",
    "ean": "7340001803525",
    "countryOfOrigin": "EU",
    "translatedCountryName": "EU",
    "labelTags": [],
    "hasImage": true,
    "imageUrl": "https://d1hr6nb56yyl1.cloudfront.net/product-images/116033-150.jpg",
    "brand": {
      "id": 3423,
      "name": "Barebells"
    },
    "categories": [
      {
        "id": 11474,
        "name": "Bars"
      },
      {
        "id": 4336,
        "name": "Bars"
      }
    ],
    "displayBrand": "Barebells",
    "favouriteCount": 174,
    "active": true,
    "inStockQuantity": 14,
    "orderable": true,
    "price": 25.5,
    "priceWithoutVat": 22.7678571429,
    "recommendedRetailPrice": null,
    "readableComparisonPrice": "463,64 kr/kg",
    "discount": null,
    "discountedPrice": 0,
    "size": "55G",
    "weightProduct": false,
    "vat": 12,
    "content": "Protein (SOJA, ärta, ris), fuktighetsbevarande medel (vegetabilisk glycerol), fiber (polydextros, oligofruktos), sötningsmedel (maltitol, sukralos), kakaosmör, HASSELNÖTTER, kakaomassa, solrosolja, rismjöl, kakaopulver, arom, emulgeringsmedel (SOJALECITIN). Kan innehålla spår av GLUTEN, MJÖLK, ÄGG, JORDNÖTTER och andra NÖTTER.",
    "nutrition": "Näringsvärde per 100 Gram\nenergi 1702 Kilojoule\nenergi 407 Kilokalori\nfett 21 Gram\nvarav mättat fett 8.2 Gram\nkolhydrat 35 Gram\nvarav sockerarter 1.7 Gram\nfiber 12 Gram\nprotein 27 Gram\nsalt 0.58 Gram",
    "durability": null,
    "recycling": null,
    "detail": "Vegansk proteinbar med hasselnötter (8 %) och kakaoöverdrag. Innehåller sötningsmedel.\nInnehåller naturligt förekommande socker. Utan palmolja.\n\nÖverdriven konsumtion kan ha laxerande effekt. Sorteras som plastförpackning.\n\nFörvaras i rumstemperatur.",
    "storage": "Förvaras i rumstemperatur.",
    "combinedNameWithBrand": "Hazelnut Vegan Bar Barebells",
    "averageProductLife": 0,
    "minimumDaysBeforeExpire": 31,
    "averageUnitWeight": 56,
    "weight": 56,
    "isMixable": false,
    "idRequired": 0,
    "tagNames": [
      "bar",
      "Protein",
      "added",
      "vegan",
      "Socker",
      "tillsatt",
      "utan",
      "barebells",
      "Sugar",
      "No",
      "proteinbar",
      "UTS"
    ],
    "featured": false,
    "campaignRank": 241,
    "availableQuantities": [
      {
        "quantity": 14,
        "quantityKey": "dw-14408"
      },
      {
        "quantity": 14,
        "quantityKey": "dw-14416"
      },
      {
        "quantity": 14,
        "quantityKey": "dw-14450"
      },
      {
        "quantity": 14,
        "quantityKey": "dw-14466"
      },
      {
        "quantity": 14,
        "quantityKey": "dw-14428"
      },
      {
        "quantity": 14,
        "quantityKey": "dw-14422"
      },
      {
        "quantity": 14,
        "quantityKey": "default"
      },
      {
        "quantity": 14,
        "quantityKey": "dw-14444"
      },
      {
        "quantity": 14,
        "quantityKey": "dw-14406"
      },
      {
        "quantity": 14,
        "quantityKey": "dw-14442"
      },
      {
        "quantity": 14,
        "quantityKey": "dw-14414"
      },
      {
        "quantity": 14,
        "quantityKey": "dw-14460"
      },
      {
        "quantity": 14,
        "quantityKey": "dw-14452"
      },
      {
        "quantity": 14,
        "quantityKey": "dw-14400"
      },
      {
        "quantity": 14,
        "quantityKey": "dw-14474"
      },
      {
        "quantity": 14,
        "quantityKey": "dw-14458"
      },
      {
        "quantity": 14,
        "quantityKey": "dw-14436"
      },
      {
        "quantity": 14,
        "quantityKey": "dw-14398"
      },
      {
        "quantity": 14,
        "quantityKey": "dw-14390"
      },
      {
        "quantity": 14,
        "quantityKey": "dw-14392"
      },
      {
        "quantity": 14,
        "quantityKey": "dw-14426"
      },
      {
        "quantity": 14,
        "quantityKey": "dw-14468"
      },
      {
        "quantity": 14,
        "quantityKey": "dw-14434"
      }
    ],
    "emission": 0,
    "allergies": [
      {
        "id": 1,
        "infoSource": null,
        "level": {
          "enumType": "se.mat.mycroft.enums.AllergyLevel",
          "name": "TRACES"
        },
        "substanceName": "Gluten"
      },
      {
        "id": 5,
        "infoSource": null,
        "level": {
          "enumType": "se.mat.mycroft.enums.AllergyLevel",
          "name": "TRACES"
        },
        "substanceName": "Jordnötter"
      },
      {
        "id": 7,
        "infoSource": null,
        "level": {
          "enumType": "se.mat.mycroft.enums.AllergyLevel",
          "name": "TRACES"
        },
        "substanceName": "Mjölk"
      },
      {
        "id": 10,
        "infoSource": null,
        "level": {
          "enumType": "se.mat.mycroft.enums.AllergyLevel",
          "name": "CONTAINS"
        },
        "substanceName": "Nötter"
      },
      {
        "id": 6,
        "infoSource": null,
        "level": {
          "enumType": "se.mat.mycroft.enums.AllergyLevel",
          "name": "CONTAINS"
        },
        "substanceName": "Sojabönor"
      },
      {
        "id": 3,
        "infoSource": null,
        "level": {
          "enumType": "se.mat.mycroft.enums.AllergyLevel",
          "name": "TRACES"
        },
        "substanceName": "Ägg"
      }
    ],
    "warehouseProductMappingId": null,
    "productRelationship": {
      "canBeReplacedWithProductIds": [],
      "canBeSubstitutedWithProductIds": [],
      "sameContentProductIds": []
    },
    "soldCount": 1115,
    "variety": "",
    "isAgreeWithPersonalTerms": null,
    "hasDeclinedPersonalAgreement": null,
    "probability": null,
    "productCountries": [],
    "productVarieties": [],
    "productBanner": null,
    "isShowOnTopProduct": false,
    "primaryCategoryNamePath": "Mat.se Göteborg/Hälsa & Träning/Bars"
  },
  {
    "id": 122348,
    "dateCreated": "Mon Mar 29 17:30:27 CEST 2021",
    "name": "Berrylicious Gluten-free",
    "showPrice": "17,50  kr",
    "friendlyUrl": "berrylicious-gluten-free-flapjack-70g",
    "formattedName": "Berrylicious Gluten-free",
    "ean": "7340146503878",
    "countryOfOrigin": "GB",
    "translatedCountryName": "Storbritannien",
    "labelTags": [
      {
        "id": 14,
        "name": "Särnär fri från gluten",
        "tag": "fri_gluten"
      }
    ],
    "hasImage": true,
    "imageUrl": "https://d1hr6nb56yyl1.cloudfront.net/product-images/122348-150.jpg",
    "brand": {
      "id": 12195,
      "name": "Flapjack"
    },
    "categories": [
      {
        "id": 4336,
        "name": "Bars"
      },
      {
        "id": 11474,
        "name": "Bars"
      }
    ],
    "displayBrand": "Flapjack",
    "favouriteCount": 62,
    "active": true,
    "inStockQuantity": 0,
    "orderable": false,
    "price": 17.5,
    "priceWithoutVat": 15.625,
    "recommendedRetailPrice": null,
    "readableComparisonPrice": "250 kr/kg",
    "discount": null,
    "discountedPrice": 0,
    "size": "70G",
    "weightProduct": false,
    "vat": 12,
    "content": "Glutenfria HAVREGRYN (45 %), ljus sirap/lys sirup, vegetabilisk olja (palmolja, rapsolja), socker/ sukker, glutenfritt SOJAmjöl/SOJAmel, frystorkade hallon/frysetørket bringebær/hindbær (1 %), cikoriafibrer, frystorkade jordgubbar/frysetørket jordbær (0,5 %), salt, naturliga smakämnen/smaksstoffer. KAN INNEHÅLLA SPÅR AV: MJÖLK, JORDNÖT, NÖTTER, SEASAM.",
    "nutrition": "Näringsvärde per 100 Gram\nenergi 1799 Kilojoule\nenergi 428 Kilokalori\nfett 18.8 Gram\nvarav mättat fett 8.7 Gram\nkolhydrat 55.5 Gram\nvarav sockerarter 28.5 Gram\nfiber 6 Gram\nprotein 6.8 Gram\nsalt 0.45 Gram",
    "durability": null,
    "recycling": null,
    "detail": "En bakad bar gjord av främst havre och sirap med inslag av torkade bär som ger dig energi för alla vardagliga äventyr. Även om ordet ?Flapjack? har användts för att beskriva engelska desserter sedan 1500-talet, var det först i mitten på 1930-talet som man började beskriva den Flapjack vi känner till idag. Den största skillnaden mellan vanliga mellanmålsbars och Flapjacks är användningen av sirap ? som ger den unika söta smaken. Alla våra Flapjack?s är veganska och innehåller naturliga ingredienser.",
    "storage": "Förvaras vid högst 12 °C",
    "combinedNameWithBrand": "Berrylicious Gluten-free Flapjack",
    "averageProductLife": 0,
    "minimumDaysBeforeExpire": 31,
    "averageUnitWeight": 73,
    "weight": 73,
    "isMixable": false,
    "idRequired": 0,
    "tagNames": [
      "bar",
      "flapjack",
      "Snackbar",
      "Candy People",
      "berry",
      "mellanmål",
      "måltidsersättning",
      "bars"
    ],
    "featured": false,
    "campaignRank": 2147483647,
    "availableQuantities": [
      {
        "quantity": 0,
        "quantityKey": "default"
      }
    ],
    "emission": 0,
    "allergies": [
      {
        "id": 10,
        "infoSource": null,
        "level": {
          "enumType": "se.mat.mycroft.enums.AllergyLevel",
          "name": "TRACES"
        },
        "substanceName": "Nötter"
      },
      {
        "id": 6,
        "infoSource": null,
        "level": {
          "enumType": "se.mat.mycroft.enums.AllergyLevel",
          "name": "CONTAINS"
        },
        "substanceName": "Sojabönor"
      },
      {
        "id": 7,
        "infoSource": null,
        "level": {
          "enumType": "se.mat.mycroft.enums.AllergyLevel",
          "name": "TRACES"
        },
        "substanceName": "Mjölk"
      },
      {
        "id": 5,
        "infoSource": null,
        "level": {
          "enumType": "se.mat.mycroft.enums.AllergyLevel",
          "name": "TRACES"
        },
        "substanceName": "Jordnötter"
      },
      {
        "id": 13,
        "infoSource": null,
        "level": {
          "enumType": "se.mat.mycroft.enums.AllergyLevel",
          "name": "TRACES"
        },
        "substanceName": "Sesamfrön"
      }
    ],
    "warehouseProductMappingId": null,
    "productRelationship": {
      "canBeReplacedWithProductIds": [],
      "canBeSubstitutedWithProductIds": [],
      "sameContentProductIds": []
    },
    "soldCount": 257,
    "variety": "",
    "isAgreeWithPersonalTerms": null,
    "hasDeclinedPersonalAgreement": null,
    "probability": null,
    "productCountries": [],
    "productVarieties": [],
    "productBanner": null,
    "isShowOnTopProduct": false,
    "primaryCategoryNamePath": "Mat.se Göteborg/Apoteksvaror/Vitaminer, Hälso- & Kosttillskott/Bars"
  },
  {
    "id": 119064,
    "dateCreated": "Mon Sep 07 13:04:00 CEST 2020",
    "name": "Proteinbar Jordnöt/choklad",
    "showPrice": "17,50  kr",
    "friendlyUrl": "proteinbar-jordnot-choklad-garant-eko-35g",
    "formattedName": "Proteinbar Jordnöt/choklad",
    "ean": "7340083480065",
    "countryOfOrigin": "SE",
    "translatedCountryName": "Sverige",
    "labelTags": [
      {
        "id": 17,
        "name": "EU-logotype för ekologiska produkter",
        "tag": "eu_eko"
      }
    ],
    "hasImage": true,
    "imageUrl": "https://d1hr6nb56yyl1.cloudfront.net/product-images/119064-150.jpg",
    "brand": {
      "id": 3467,
      "name": "Garant eko"
    },
    "categories": [
      {
        "id": 4336,
        "name": "Bars"
      },
      {
        "id": 11474,
        "name": "Bars"
      }
    ],
    "displayBrand": "Garant eko",
    "favouriteCount": 87,
    "active": true,
    "inStockQuantity": 8,
    "orderable": true,
    "price": 17.5,
    "priceWithoutVat": 15.625,
    "recommendedRetailPrice": null,
    "readableComparisonPrice": "500 kr/kg",
    "discount": null,
    "discountedPrice": 0,
    "size": "35G",
    "weightProduct": false,
    "vat": 12,
    "content": "INGREDIENSER Dadlar *, rostade JORDNÖTTER* 25%, CASHEWNÖTTER*, risprotein* 11%, kakaopulver* 2,8%, salt. Kan innehålla spår av MANDEL, HASSELNÖT och VALNÖT. *Ekologisk ingrediens.",
    "nutrition": "Näringsvärde per 100 Gram\nenergi 1620 Kilojoule\nenergi 387 Kilokalori\nfett 18 Gram\nvarav mättat fett 3.5 Gram\nkolhydrat 37 Gram\nvarav sockerarter 29 Gram\nfiber 10 Gram\nprotein 20 Gram\nsalt 0.9 Gram",
    "durability": null,
    "recycling": null,
    "detail": "Ekologisk proteinbar med smak av jordnöt och kakao. Vegansk, glutenfri och gjord på helt naturliga ingredienser. Det överkorsade axet från Svenska celiakiförbundet intygar att produkten är glutenfri. Perfekt för ett garanterat mättande mellanmål!\n\nUrsprung dadlar: Tunisien. Ursprung jordnötter: Kina. Ursprung kakao: Dominikanska Republiken, Peru.\n\nVarning: Dadlarna är maskinellt skalade, men det kan förekomma rester av skal.KÄLLSORTERING Sorteras som pappersförpackning.\n\nFörvaras torrt och svalt.",
    "storage": "Förvaras torrt och svalt.",
    "combinedNameWithBrand": "Proteinbar Jordnöt/choklad Garant Eko",
    "averageProductLife": 216,
    "minimumDaysBeforeExpire": 31,
    "averageUnitWeight": 36,
    "weight": 36,
    "isMixable": false,
    "idRequired": 0,
    "tagNames": [],
    "featured": false,
    "campaignRank": 2147483647,
    "availableQuantities": [
      {
        "quantity": 8,
        "quantityKey": "dw-14400"
      },
      {
        "quantity": 8,
        "quantityKey": "dw-14422"
      },
      {
        "quantity": 8,
        "quantityKey": "dw-14450"
      },
      {
        "quantity": 8,
        "quantityKey": "dw-14406"
      },
      {
        "quantity": 8,
        "quantityKey": "dw-14458"
      },
      {
        "quantity": 8,
        "quantityKey": "dw-14474"
      },
      {
        "quantity": 8,
        "quantityKey": "dw-14442"
      },
      {
        "quantity": 8,
        "quantityKey": "default"
      },
      {
        "quantity": 8,
        "quantityKey": "dw-14414"
      },
      {
        "quantity": 8,
        "quantityKey": "dw-14436"
      },
      {
        "quantity": 8,
        "quantityKey": "dw-14468"
      },
      {
        "quantity": 8,
        "quantityKey": "dw-14392"
      },
      {
        "quantity": 8,
        "quantityKey": "dw-14390"
      },
      {
        "quantity": 8,
        "quantityKey": "dw-14408"
      },
      {
        "quantity": 8,
        "quantityKey": "dw-14416"
      },
      {
        "quantity": 8,
        "quantityKey": "dw-14466"
      },
      {
        "quantity": 8,
        "quantityKey": "dw-14434"
      },
      {
        "quantity": 8,
        "quantityKey": "dw-14428"
      },
      {
        "quantity": 8,
        "quantityKey": "dw-14426"
      },
      {
        "quantity": 8,
        "quantityKey": "dw-14452"
      },
      {
        "quantity": 8,
        "quantityKey": "dw-14444"
      },
      {
        "quantity": 8,
        "quantityKey": "dw-14460"
      },
      {
        "quantity": 8,
        "quantityKey": "dw-14398"
      }
    ],
    "emission": 0,
    "allergies": [
      {
        "id": 10,
        "infoSource": null,
        "level": {
          "enumType": "se.mat.mycroft.enums.AllergyLevel",
          "name": "CONTAINS"
        },
        "substanceName": "Nötter"
      },
      {
        "id": 5,
        "infoSource": null,
        "level": {
          "enumType": "se.mat.mycroft.enums.AllergyLevel",
          "name": "CONTAINS"
        },
        "substanceName": "Jordnötter"
      }
    ],
    "warehouseProductMappingId": null,
    "productRelationship": {
      "canBeReplacedWithProductIds": [],
      "canBeSubstitutedWithProductIds": [],
      "sameContentProductIds": []
    },
    "soldCount": 362,
    "variety": "",
    "isAgreeWithPersonalTerms": null,
    "hasDeclinedPersonalAgreement": null,
    "probability": null,
    "productCountries": [],
    "productVarieties": [],
    "productBanner": null,
    "isShowOnTopProduct": false,
    "primaryCategoryNamePath": "Mat.se Göteborg/Apoteksvaror/Vitaminer, Hälso- & Kosttillskott/Bars"
  },
  {
    "id": 119066,
    "dateCreated": "Mon Sep 07 13:04:04 CEST 2020",
    "name": "Proteinbar Mandel/kanel",
    "showPrice": "17,50  kr",
    "friendlyUrl": "proteinbar-mandel-kanel-garant-eko-35g",
    "formattedName": "Proteinbar Mandel/kanel",
    "ean": "7340083480072",
    "countryOfOrigin": "SE",
    "translatedCountryName": "Sverige",
    "labelTags": [
      {
        "id": 17,
        "name": "EU-logotype för ekologiska produkter",
        "tag": "eu_eko"
      }
    ],
    "hasImage": true,
    "imageUrl": "https://d1hr6nb56yyl1.cloudfront.net/product-images/119066-150.jpg",
    "brand": {
      "id": 3467,
      "name": "Garant eko"
    },
    "categories": [
      {
        "id": 4336,
        "name": "Bars"
      },
      {
        "id": 11474,
        "name": "Bars"
      }
    ],
    "displayBrand": "Garant eko",
    "favouriteCount": 83,
    "active": true,
    "inStockQuantity": 10,
    "orderable": true,
    "price": 17.5,
    "priceWithoutVat": 15.625,
    "recommendedRetailPrice": null,
    "readableComparisonPrice": "500 kr/kg",
    "discount": null,
    "discountedPrice": 0,
    "size": "35G",
    "weightProduct": false,
    "vat": 12,
    "content": "INGREDIENSER Dadlar* 50%, CASHEWNÖTTER*, risprotein* 14%, hackad SÖTMANDEL* 9%, solrosfrön*, kardemumma*, kanel* 0,6%, salt. Kan innehålla spår av JORDNÖT, HASSELNÖT och VALNÖT. *Ekologisk ingrediens.",
    "nutrition": "Näringsvärde per 100 Gram\nenergi 1571 Kilojoule\nenergi 376 Kilokalori\nfett 17 Gram\nvarav mättat fett 1.8 Gram\nkolhydrat 36 Gram\nvarav sockerarter 29 Gram\nfiber 8 Gram\nprotein 20 Gram\nsalt 0.63 Gram",
    "durability": null,
    "recycling": null,
    "detail": "Ekologisk proteinbar med smak av mandel och kanel. Vegansk, glutenfri och gjord på helt naturliga ingredienser. Det överkorsade axet från Svenska celiakiförbundet intygar att produkten är glutenfri. Perfekt för ett garanterat mättande mellanmål!\n\nUrsprung dadlar: Tunisien. Ursprung kanel: Madagaskar. Ursprung mandel: Spanien.\n\nKÄLLSORTERING Sorteras som pappersförpackning.\n\nFörvaras torrt och svalt",
    "storage": "Förvaras torrt och svalt",
    "combinedNameWithBrand": "Proteinbar Mandel/kanel Garant Eko",
    "averageProductLife": 0,
    "minimumDaysBeforeExpire": 31,
    "averageUnitWeight": 36,
    "weight": 36,
    "isMixable": false,
    "idRequired": 0,
    "tagNames": [],
    "featured": false,
    "campaignRank": 2147483647,
    "availableQuantities": [
      {
        "quantity": 10,
        "quantityKey": "dw-14474"
      },
      {
        "quantity": 10,
        "quantityKey": "dw-14400"
      },
      {
        "quantity": 10,
        "quantityKey": "dw-14450"
      },
      {
        "quantity": 10,
        "quantityKey": "dw-14392"
      },
      {
        "quantity": 10,
        "quantityKey": "dw-14468"
      },
      {
        "quantity": 10,
        "quantityKey": "dw-14460"
      },
      {
        "quantity": 10,
        "quantityKey": "dw-14434"
      },
      {
        "quantity": 10,
        "quantityKey": "dw-14428"
      },
      {
        "quantity": 10,
        "quantityKey": "dw-14416"
      },
      {
        "quantity": 10,
        "quantityKey": "dw-14442"
      },
      {
        "quantity": 10,
        "quantityKey": "dw-14426"
      },
      {
        "quantity": 10,
        "quantityKey": "dw-14390"
      },
      {
        "quantity": 10,
        "quantityKey": "dw-14414"
      },
      {
        "quantity": 10,
        "quantityKey": "dw-14406"
      },
      {
        "quantity": 10,
        "quantityKey": "dw-14422"
      },
      {
        "quantity": 10,
        "quantityKey": "dw-14444"
      },
      {
        "quantity": 10,
        "quantityKey": "dw-14466"
      },
      {
        "quantity": 10,
        "quantityKey": "dw-14436"
      },
      {
        "quantity": 10,
        "quantityKey": "dw-14452"
      },
      {
        "quantity": 10,
        "quantityKey": "dw-14408"
      },
      {
        "quantity": 10,
        "quantityKey": "dw-14458"
      },
      {
        "quantity": 10,
        "quantityKey": "dw-14398"
      },
      {
        "quantity": 10,
        "quantityKey": "default"
      }
    ],
    "emission": 0,
    "allergies": [
      {
        "id": 5,
        "infoSource": null,
        "level": {
          "enumType": "se.mat.mycroft.enums.AllergyLevel",
          "name": "TRACES"
        },
        "substanceName": "Jordnötter"
      },
      {
        "id": 10,
        "infoSource": null,
        "level": {
          "enumType": "se.mat.mycroft.enums.AllergyLevel",
          "name": "CONTAINS"
        },
        "substanceName": "Nötter"
      }
    ],
    "warehouseProductMappingId": null,
    "productRelationship": {
      "canBeReplacedWithProductIds": [],
      "canBeSubstitutedWithProductIds": [],
      "sameContentProductIds": []
    },
    "soldCount": 371,
    "variety": "",
    "isAgreeWithPersonalTerms": null,
    "hasDeclinedPersonalAgreement": null,
    "probability": null,
    "productCountries": [],
    "productVarieties": [],
    "productBanner": null,
    "isShowOnTopProduct": false,
    "primaryCategoryNamePath": "Mat.se Göteborg/Apoteksvaror/Vitaminer, Hälso- & Kosttillskott/Bars"
  },
  {
    "id": 119322,
    "dateCreated": "Wed Sep 02 08:40:44 CEST 2020",
    "name": "Double Bite Chocolate Crisp",
    "showPrice": "25,50  kr",
    "friendlyUrl": "twin-bar-choklad-barebells-55g",
    "formattedName": "Double Bite Chocolate Crisp",
    "ean": "7340001803686",
    "countryOfOrigin": "EU",
    "translatedCountryName": "EU",
    "labelTags": [],
    "hasImage": true,
    "imageUrl": "https://d1hr6nb56yyl1.cloudfront.net/product-images/119322-150.jpg",
    "brand": {
      "id": 3423,
      "name": "Barebells"
    },
    "categories": [
      {
        "id": 11474,
        "name": "Bars"
      },
      {
        "id": 4336,
        "name": "Bars"
      }
    ],
    "displayBrand": "Barebells",
    "favouriteCount": 109,
    "active": true,
    "inStockQuantity": 14,
    "orderable": true,
    "price": 25.5,
    "priceWithoutVat": 22.7678571429,
    "recommendedRetailPrice": null,
    "readableComparisonPrice": "463,64 kr/kg",
    "discount": null,
    "discountedPrice": 0,
    "size": "2PX27,5G",
    "weightProduct": false,
    "vat": 12,
    "content": "Sötningsmedel (maltitol, erytritol, xylitol, sukralos), SOJAPROTEIN, polydextros, kollagenhydrolysat, kakaomassa, kakaosmör, fuktighetsbevarande medel (glycerol), HELMJÖLKSPULVER, kakaopulver, SOJAOLJA, tapiokastärkelse, SKUMMJÖLKSPULVER, MJÖLKPROTEIN, arom, emulgeringsmedel (SOJALECITIN), salt. Kan innehålla spår av GLUTEN, ÄGG, JORDNÖTTER, NÖTTER och SESAMFRÖ.",
    "nutrition": "Näringsvärde per 100 Gram\nenergi 1509 Kilojoule\nenergi 362 Kilokalori\nfett 15 Gram\nvarav mättat fett 8.2 Gram\nkolhydrat 34 Gram\nvarav sockerarter 3.8 Gram\nfiber 13 Gram\nprotein 29 Gram\nsalt 0.89 Gram",
    "durability": null,
    "recycling": null,
    "detail": "Proteinbite med smak av choklad och med mjölkchokladöverdrag (25%). Innehåller sötningsmedel. Innehåller naturligt förekommande socker. Utan palmolja.\n\nÖverdriven konsumtion kan ha laxerande effekt. Sorteras som plastförpackning.\n\nFörvaras i rumstemperatur.",
    "storage": "Förvaras i rumstemperatur.",
    "combinedNameWithBrand": "Double Bite Chocolate Crisp Barebells",
    "averageProductLife": 0,
    "minimumDaysBeforeExpire": 31,
    "averageUnitWeight": 56,
    "weight": 56,
    "isMixable": false,
    "idRequired": 0,
    "tagNames": [
      "tillsatt",
      "No",
      "UTS",
      "added",
      "proteinbar",
      "Sugar",
      "Socker",
      "utan"
    ],
    "featured": false,
    "campaignRank": 246,
    "availableQuantities": [
      {
        "quantity": 14,
        "quantityKey": "dw-14458"
      },
      {
        "quantity": 14,
        "quantityKey": "dw-14460"
      },
      {
        "quantity": 14,
        "quantityKey": "dw-14442"
      },
      {
        "quantity": 14,
        "quantityKey": "dw-14422"
      },
      {
        "quantity": 14,
        "quantityKey": "dw-14426"
      },
      {
        "quantity": 14,
        "quantityKey": "dw-14428"
      },
      {
        "quantity": 14,
        "quantityKey": "dw-14416"
      },
      {
        "quantity": 14,
        "quantityKey": "dw-14414"
      },
      {
        "quantity": 14,
        "quantityKey": "dw-14450"
      },
      {
        "quantity": 14,
        "quantityKey": "dw-14452"
      },
      {
        "quantity": 14,
        "quantityKey": "dw-14400"
      },
      {
        "quantity": 14,
        "quantityKey": "default"
      },
      {
        "quantity": 14,
        "quantityKey": "dw-14390"
      },
      {
        "quantity": 14,
        "quantityKey": "dw-14444"
      },
      {
        "quantity": 14,
        "quantityKey": "dw-14392"
      },
      {
        "quantity": 14,
        "quantityKey": "dw-14474"
      },
      {
        "quantity": 14,
        "quantityKey": "dw-14406"
      },
      {
        "quantity": 14,
        "quantityKey": "dw-14466"
      },
      {
        "quantity": 14,
        "quantityKey": "dw-14468"
      },
      {
        "quantity": 14,
        "quantityKey": "dw-14408"
      },
      {
        "quantity": 14,
        "quantityKey": "dw-14434"
      },
      {
        "quantity": 14,
        "quantityKey": "dw-14398"
      },
      {
        "quantity": 14,
        "quantityKey": "dw-14436"
      }
    ],
    "emission": 0,
    "allergies": [
      {
        "id": 7,
        "infoSource": null,
        "level": {
          "enumType": "se.mat.mycroft.enums.AllergyLevel",
          "name": "CONTAINS"
        },
        "substanceName": "Mjölk"
      },
      {
        "id": 6,
        "infoSource": null,
        "level": {
          "enumType": "se.mat.mycroft.enums.AllergyLevel",
          "name": "CONTAINS"
        },
        "substanceName": "Sojabönor"
      },
      {
        "id": 3,
        "infoSource": null,
        "level": {
          "enumType": "se.mat.mycroft.enums.AllergyLevel",
          "name": "TRACES"
        },
        "substanceName": "Ägg"
      },
      {
        "id": 10,
        "infoSource": null,
        "level": {
          "enumType": "se.mat.mycroft.enums.AllergyLevel",
          "name": "TRACES"
        },
        "substanceName": "Nötter"
      },
      {
        "id": 13,
        "infoSource": null,
        "level": {
          "enumType": "se.mat.mycroft.enums.AllergyLevel",
          "name": "TRACES"
        },
        "substanceName": "Sesamfrön"
      },
      {
        "id": 1,
        "infoSource": null,
        "level": {
          "enumType": "se.mat.mycroft.enums.AllergyLevel",
          "name": "TRACES"
        },
        "substanceName": "Gluten"
      },
      {
        "id": 5,
        "infoSource": null,
        "level": {
          "enumType": "se.mat.mycroft.enums.AllergyLevel",
          "name": "TRACES"
        },
        "substanceName": "Jordnötter"
      }
    ],
    "warehouseProductMappingId": null,
    "productRelationship": {
      "canBeReplacedWithProductIds": [],
      "canBeSubstitutedWithProductIds": [],
      "sameContentProductIds": []
    },
    "soldCount": 549,
    "variety": "",
    "isAgreeWithPersonalTerms": null,
    "hasDeclinedPersonalAgreement": null,
    "probability": null,
    "productCountries": [],
    "productVarieties": [],
    "productBanner": null,
    "isShowOnTopProduct": false,
    "primaryCategoryNamePath": "Mat.se Göteborg/Hälsa & Träning/Bars"
  },
  {
    "id": 60728,
    "dateCreated": "Sun Feb 21 13:13:10 CET 2016",
    "name": "Protein Bar Jordgubb Yoghurt",
    "showPrice": "12,95  kr",
    "friendlyUrl": "proteinbar-s-y-proteinpro-45-g",
    "formattedName": "Protein Bar Jordgubb Yoghurt",
    "ean": "7350021420404",
    "countryOfOrigin": "SE",
    "translatedCountryName": "Sverige",
    "labelTags": [],
    "hasImage": true,
    "imageUrl": "https://d1hr6nb56yyl1.cloudfront.net/product-images/60728-150.jpg",
    "brand": {
      "id": 5389,
      "name": "PROBRANDS"
    },
    "categories": [
      {
        "id": 4336,
        "name": "Bars"
      },
      {
        "id": 9230,
        "name": "Proteintillskott"
      },
      {
        "id": 11474,
        "name": "Bars"
      }
    ],
    "displayBrand": "PROBRANDS",
    "favouriteCount": 378,
    "active": true,
    "inStockQuantity": 26,
    "orderable": true,
    "price": 12.95,
    "priceWithoutVat": 11.5625,
    "recommendedRetailPrice": null,
    "readableComparisonPrice": "287,78 kr/kg",
    "discount": null,
    "discountedPrice": 0,
    "size": "45G",
    "weightProduct": false,
    "vat": 12,
    "content": "Proteinblandning 40,9% (kollagenhydrolysat, SOJA-/SOYAproteinisolat, vassle-/myse-/valleprotein koncentrat (MJÖLK/MELK/MÆLK), MJÖLK-/MELK-/MÆLKproteinisolat), MJÖLKchoklad/ MELK/MÆLK sjokolade med sötningsmedel/søtstoff 15% (sötningsmedel/søtstoff (maltitol), kakaosmör, hel MJÖLK-/MELK-/MÆLKpulver, kakaomassa, fettreducerad kakaopulver, emulgeringsmedel/emulgator (solros/solsikke lecitin), arom), fuktighetsbevarande medel (glycerol), fruktooligosackarider, sötningsmedel/søtstoff (maltitol), rapsolja, rice crisps (ris, morot/gulrot), SOJA flingor/ SOYA flak, torkad jordgubbe 1 %, kakaosmör, rödbetspulver, emulgeringsmedel/emulgator (SOJA-/SOYA lecitin), arom, surhetsreglerande medel: citronsyra. Kan innehålla spår av JORDNÖT och TRÄDNÖTTER.",
    "nutrition": "Näringsvärde per 100 Gram\nenergi 1532 Kilojoule\nenergi 366 Kilokalori\nfett 12 Gram\nvarav mättat fett 4.8 Gram\nkolhydrat 39 Gram\nvarav sockerarter 4.2 Gram\nsockeralkoholer 23 Gram\nfiber 7.1 Gram\nprotein 39 Gram\nsalt 0.5 Gram",
    "durability": null,
    "recycling": null,
    "detail": "38% protein, inget tillsatt socker och ingen palmolja. Perfekt om du letar efter ett nyttigt mellanmål!",
    "storage": "Förvaras vid högst 25 °C",
    "combinedNameWithBrand": "Protein Bar Jordgubb Yoghurt Probrands",
    "averageProductLife": 0,
    "minimumDaysBeforeExpire": 31,
    "averageUnitWeight": 46,
    "weight": 46,
    "isMixable": false,
    "idRequired": 0,
    "tagNames": [
      "idrott",
      "proteinbar",
      "hälsokost",
      "FCB",
      "FIRST",
      "sweden",
      "yoghurtbar",
      "Träning&Måbra",
      "MUSKELBYGGNAD",
      "bar",
      "sport",
      "återhämtning",
      "Strawberry",
      "bars",
      "PROBRANDS",
      "CLASS",
      "Snackbar",
      "träning",
      "mellanmål",
      "BRANDS",
      "ProteinPRO Proteinbar Strawberry/Yoghurt 45 g",
      "hälsoliv",
      "proteinpro",
      "OF",
      "viktkontroll",
      "jordgubbsbar",
      "PB",
      "snack",
      "snacks",
      "Protein"
    ],
    "featured": false,
    "campaignRank": 198,
    "availableQuantities": [
      {
        "quantity": 26,
        "quantityKey": "dw-14408"
      },
      {
        "quantity": 26,
        "quantityKey": "dw-14414"
      },
      {
        "quantity": 26,
        "quantityKey": "dw-14452"
      },
      {
        "quantity": 26,
        "quantityKey": "dw-14460"
      },
      {
        "quantity": 26,
        "quantityKey": "dw-14392"
      },
      {
        "quantity": 26,
        "quantityKey": "dw-14422"
      },
      {
        "quantity": 26,
        "quantityKey": "dw-14390"
      },
      {
        "quantity": 26,
        "quantityKey": "dw-14400"
      },
      {
        "quantity": 26,
        "quantityKey": "dw-14428"
      },
      {
        "quantity": 26,
        "quantityKey": "dw-14416"
      },
      {
        "quantity": 26,
        "quantityKey": "dw-14406"
      },
      {
        "quantity": 26,
        "quantityKey": "dw-14466"
      },
      {
        "quantity": 26,
        "quantityKey": "dw-14444"
      },
      {
        "quantity": 26,
        "quantityKey": "dw-14398"
      },
      {
        "quantity": 26,
        "quantityKey": "dw-14468"
      },
      {
        "quantity": 26,
        "quantityKey": "dw-14450"
      },
      {
        "quantity": 26,
        "quantityKey": "dw-14458"
      },
      {
        "quantity": 26,
        "quantityKey": "dw-14434"
      },
      {
        "quantity": 26,
        "quantityKey": "dw-14426"
      },
      {
        "quantity": 26,
        "quantityKey": "dw-14474"
      },
      {
        "quantity": 26,
        "quantityKey": "default"
      },
      {
        "quantity": 26,
        "quantityKey": "dw-14436"
      },
      {
        "quantity": 26,
        "quantityKey": "dw-14442"
      }
    ],
    "emission": 0,
    "allergies": [
      {
        "id": 7,
        "infoSource": null,
        "level": {
          "enumType": "se.mat.mycroft.enums.AllergyLevel",
          "name": "CONTAINS"
        },
        "substanceName": "Mjölk"
      },
      {
        "id": 10,
        "infoSource": null,
        "level": {
          "enumType": "se.mat.mycroft.enums.AllergyLevel",
          "name": "TRACES"
        },
        "substanceName": "Nötter"
      },
      {
        "id": 5,
        "infoSource": null,
        "level": {
          "enumType": "se.mat.mycroft.enums.AllergyLevel",
          "name": "TRACES"
        },
        "substanceName": "Jordnötter"
      },
      {
        "id": 6,
        "infoSource": null,
        "level": {
          "enumType": "se.mat.mycroft.enums.AllergyLevel",
          "name": "CONTAINS"
        },
        "substanceName": "Sojabönor"
      }
    ],
    "warehouseProductMappingId": null,
    "productRelationship": {
      "canBeReplacedWithProductIds": [],
      "canBeSubstitutedWithProductIds": [],
      "sameContentProductIds": []
    },
    "soldCount": 2219,
    "variety": "",
    "isAgreeWithPersonalTerms": null,
    "hasDeclinedPersonalAgreement": null,
    "probability": null,
    "productCountries": [],
    "productVarieties": [],
    "productBanner": null,
    "isShowOnTopProduct": false,
    "primaryCategoryNamePath": "Mat.se Göteborg/Apoteksvaror/Vitaminer, Hälso- & Kosttillskott/Bars"
  },
  {
    "id": 37273,
    "dateCreated": "Tue Jul 22 13:07:57 CEST 2014",
    "name": "Swebar Mintchoklad Proteinbar",
    "showPrice": "20,50  kr",
    "friendlyUrl": "swebar-mintchocolate-dalblads-nutrition-ab-55g",
    "formattedName": "Swebar Mintchoklad Proteinbar",
    "ean": "7350006710254",
    "countryOfOrigin": "SE",
    "translatedCountryName": "Sverige",
    "labelTags": [],
    "hasImage": true,
    "imageUrl": "https://d1hr6nb56yyl1.cloudfront.net/product-images/37273-150.jpg",
    "brand": {
      "id": 1319,
      "name": "DALBLADS"
    },
    "categories": [
      {
        "id": 11474,
        "name": "Bars"
      },
      {
        "id": 4336,
        "name": "Bars"
      },
      {
        "id": 9230,
        "name": "Proteintillskott"
      }
    ],
    "displayBrand": "DALBLADS",
    "favouriteCount": 389,
    "active": true,
    "inStockQuantity": 31,
    "orderable": true,
    "price": 20.5,
    "priceWithoutVat": 18.3035714286,
    "recommendedRetailPrice": null,
    "readableComparisonPrice": "372,73 kr/kg",
    "discount": null,
    "discountedPrice": 0,
    "size": "55G",
    "weightProduct": false,
    "vat": 12,
    "content": "Vassleproteinisolat/Myseproteinisolat (från MJÖLK/MELK), mörk choklad/mørk sjokolade (18%) (kakaomassa, socker/sukker, kakaosmör, emulgeringsmedel (SOJALECITIN/SOYALECITIN), arom), glukossirap, fruktossirap, överdrag/overtrekk (socker/sukker, vegetabilisk olja och fett (palm/palme, shea), fettreducerad/fettredusert kakao, emulgeringsmedel (SOJALECITIN/SOYALECITIN, sorbitantristearat), arom), MJÖLKPROTEIN/MELKEPROTEIN, ÄGGVITEPROTEIN/EGGEHVITEPROTEIN, proteinkrisp (vassleprotein/myseprotein (från MJÖLK/MELK), rismjöl/rismel, emulgeringsmedel (SOJALECITIN/SOYALECITIN)), arom (mint), emulgeringsmedel (SOJALECITIN/SOYALECITIN). Kan innehålla spår/spor av SOJAPROTEIN/SOYAPROTEIN.",
    "nutrition": "Näringsvärde per 55 Gram\nenergi 900 Kilojoule\nenergi 220 Kilokalori\nfett 6.1 Gram\nvarav mättat fett 4.2 Gram\nkolhydrat 23 Gram\nvarav sockerarter 20 Gram\nprotein 17 Gram\nsalt 0.2 Gram",
    "durability": null,
    "recycling": null,
    "detail": "Swebar Original Mint Chocolate är storsäljaren som aldrig går ur tiden. Med den krämiga chokladen, den friska minten och höga proteinhalten kommer både din kropp och ditt sinne tacka dig efter det hårda träningspasset. Proteinet absorberas snabbt av kroppen och når musklerna omedelbart, vilket är extra bra för dess reparation och uppbyggnad. Swebar Original Mint Chocolate har ej tillsatta nötter.\n\nEfter träning eller som mellanmål\n\nEfter träning eller som mellanmål",
    "storage": "Efter träning eller som mellanmål",
    "combinedNameWithBrand": "Swebar Mintchoklad Proteinbar Dalblads",
    "averageProductLife": 0,
    "minimumDaysBeforeExpire": 31,
    "averageUnitWeight": 56,
    "weight": 56,
    "isMixable": false,
    "idRequired": 0,
    "tagNames": [
      "bar",
      "mellanmål",
      "swebar",
      "energibar",
      "träna",
      "energikaka",
      "återhämtning",
      "hälsa",
      "bars",
      "hälsomat",
      "Protein",
      "snack",
      "träning",
      "proteinbar",
      "energi",
      "Fitness",
      "Träning&Måbra"
    ],
    "featured": false,
    "campaignRank": 214,
    "availableQuantities": [
      {
        "quantity": 31,
        "quantityKey": "dw-14416"
      },
      {
        "quantity": 31,
        "quantityKey": "default"
      },
      {
        "quantity": 31,
        "quantityKey": "dw-14458"
      },
      {
        "quantity": 31,
        "quantityKey": "dw-14406"
      },
      {
        "quantity": 31,
        "quantityKey": "dw-14468"
      },
      {
        "quantity": 31,
        "quantityKey": "dw-14422"
      },
      {
        "quantity": 31,
        "quantityKey": "dw-14408"
      },
      {
        "quantity": 31,
        "quantityKey": "dw-14414"
      },
      {
        "quantity": 31,
        "quantityKey": "dw-14444"
      },
      {
        "quantity": 31,
        "quantityKey": "dw-14392"
      },
      {
        "quantity": 31,
        "quantityKey": "dw-14436"
      },
      {
        "quantity": 31,
        "quantityKey": "dw-14400"
      },
      {
        "quantity": 31,
        "quantityKey": "dw-14460"
      },
      {
        "quantity": 17,
        "quantityKey": "dw-14390"
      },
      {
        "quantity": 31,
        "quantityKey": "dw-14398"
      },
      {
        "quantity": 31,
        "quantityKey": "dw-14428"
      },
      {
        "quantity": 31,
        "quantityKey": "dw-14434"
      },
      {
        "quantity": 31,
        "quantityKey": "dw-14466"
      },
      {
        "quantity": 31,
        "quantityKey": "dw-14442"
      },
      {
        "quantity": 31,
        "quantityKey": "dw-14450"
      },
      {
        "quantity": 31,
        "quantityKey": "dw-14474"
      },
      {
        "quantity": 31,
        "quantityKey": "dw-14478"
      },
      {
        "quantity": 31,
        "quantityKey": "dw-14426"
      },
      {
        "quantity": 31,
        "quantityKey": "dw-14452"
      },
      {
        "quantity": 31,
        "quantityKey": "dw-14480"
      }
    ],
    "emission": 0,
    "allergies": [
      {
        "id": 6,
        "infoSource": null,
        "level": {
          "enumType": "se.mat.mycroft.enums.AllergyLevel",
          "name": "CONTAINS"
        },
        "substanceName": "Sojabönor"
      },
      {
        "id": 7,
        "infoSource": null,
        "level": {
          "enumType": "se.mat.mycroft.enums.AllergyLevel",
          "name": "CONTAINS"
        },
        "substanceName": "Mjölk"
      },
      {
        "id": 3,
        "infoSource": null,
        "level": {
          "enumType": "se.mat.mycroft.enums.AllergyLevel",
          "name": "CONTAINS"
        },
        "substanceName": "Ägg"
      }
    ],
    "warehouseProductMappingId": null,
    "productRelationship": {
      "canBeReplacedWithProductIds": [],
      "canBeSubstitutedWithProductIds": [
        95426
      ],
      "sameContentProductIds": []
    },
    "soldCount": 3088,
    "variety": "",
    "isAgreeWithPersonalTerms": null,
    "hasDeclinedPersonalAgreement": null,
    "probability": null,
    "productCountries": [],
    "productVarieties": [],
    "productBanner": null,
    "isShowOnTopProduct": false,
    "primaryCategoryNamePath": "Mat.se Göteborg/Hälsa & Träning/Bars"
  },
  {
    "id": 94959,
    "dateCreated": "Fri Jan 19 11:51:15 CET 2018",
    "name": "Cookie Dough Propud Protein Bar",
    "showPrice": "21,50  kr",
    "friendlyUrl": "propud-protein-bar-cookie-dough-njie-55g",
    "formattedName": "Cookie Dough Propud Protein Bar",
    "ean": "7350068294082",
    "countryOfOrigin": "DE",
    "translatedCountryName": "Tyskland",
    "labelTags": [],
    "hasImage": true,
    "imageUrl": "https://d1hr6nb56yyl1.cloudfront.net/product-images/94959-150.jpg",
    "brand": {
      "id": 13382,
      "name": "Propud"
    },
    "categories": [
      {
        "id": 11474,
        "name": "Bars"
      },
      {
        "id": 4336,
        "name": "Bars"
      },
      {
        "id": 9230,
        "name": "Proteintillskott"
      }
    ],
    "displayBrand": "Propud",
    "favouriteCount": 354,
    "active": true,
    "inStockQuantity": 21,
    "orderable": true,
    "price": 21.5,
    "priceWithoutVat": 19.1964285714,
    "recommendedRetailPrice": null,
    "readableComparisonPrice": "390,91 kr/kg",
    "discount": null,
    "discountedPrice": 0,
    "size": "55G",
    "weightProduct": false,
    "vat": 12,
    "content": "MJÖLK/MELKE/MÆLKEPROTEIN, sötningsmedel/søtstoffer (maltitol), fuktighetsbevarande medel (glycerol), kakbitar (8,4%)(sötningsmedel/søtstoffer (maltitol, erytitrol, isomalt), potatisstärkelse, majsmjöl, SMÖR/SMØR, fettreducerat kakaopulver, rismjöl, SMÖR/SMØRFETT, modifierad potatisstärkelse, tapiokastärkelse, inulin, salt, aromer, bourbon vaniljextrakt, bakpulver (natriumkarbonater)), kollagenpeptider (från nöt/biff/okse), SMÖR/SMØRFETT, kakaosmör, vatten, HELMJÖLK/MELK/MÆLKSPULVER, sojaproteincrisp med kakao (SOJA/SOYAPROTEINISOLAT, tapiokastärkelse, fettreducerat kakaopulver), kakaomassa, solrosolja/solsikkeolje, fettreducerad kakao, aromer, salt, emulgeringsmedel/emulgator (SOJA/SOYALECITIN), sötningsmedel/søtstoffer (aspartam, acesulfam K). Innehåller en källa/kilde till fenylalanin/Indeholder en phenylalaninkilde. Innehåller naturligt förekommande socker/Med et naturlig innhold av sukker. Kan innehålla spår/spor av ÄGG/EGG/ÆG, NÖTTER/NØTTER/NØDDER, SESAM/SESAMFRØ och VETE/HVETE/HVEDE. Innehåller/holder polyoler.",
    "nutrition": "Näringsvärde per 100 Gram\nenergi 1754 Kilojoule\nenergi 421 Kilokalori\nfett 22 Gram\nvarav mättat fett 12 Gram\nkolhydrat 32 Gram\nvarav sockerarter 2.7 Gram\nsockeralkoholer 25 Gram\nprotein 33 Gram\nsalt 0.44 Gram",
    "durability": null,
    "recycling": null,
    "detail": "ProPud Protein Bar Cookie Dough - en proteinbar med smak av kakdeg, strösslad med kakbitar samt överdrag av mjölkchoklad. Utan tillsatt socker och 18 gram protein per bar. Utan palmolja.\n\nFörvaras torrt i rumstemperatur.",
    "storage": "Förvaras torrt i rumstemperatur.",
    "combinedNameWithBrand": "Cookie Dough Propud Protein Bar",
    "averageProductLife": 0,
    "minimumDaysBeforeExpire": 31,
    "averageUnitWeight": 56,
    "weight": 56,
    "isMixable": false,
    "idRequired": 0,
    "tagNames": [],
    "featured": false,
    "campaignRank": 207,
    "availableQuantities": [
      {
        "quantity": 21,
        "quantityKey": "dw-14458"
      },
      {
        "quantity": 21,
        "quantityKey": "dw-14400"
      },
      {
        "quantity": 21,
        "quantityKey": "dw-14408"
      },
      {
        "quantity": 21,
        "quantityKey": "dw-14474"
      },
      {
        "quantity": 21,
        "quantityKey": "dw-14442"
      },
      {
        "quantity": 21,
        "quantityKey": "dw-14444"
      },
      {
        "quantity": 21,
        "quantityKey": "dw-14428"
      },
      {
        "quantity": 21,
        "quantityKey": "dw-14466"
      },
      {
        "quantity": 21,
        "quantityKey": "dw-14478"
      },
      {
        "quantity": 21,
        "quantityKey": "default"
      },
      {
        "quantity": 21,
        "quantityKey": "dw-14422"
      },
      {
        "quantity": 21,
        "quantityKey": "dw-14398"
      },
      {
        "quantity": 21,
        "quantityKey": "dw-14392"
      },
      {
        "quantity": 21,
        "quantityKey": "dw-14450"
      },
      {
        "quantity": 21,
        "quantityKey": "dw-14426"
      },
      {
        "quantity": 21,
        "quantityKey": "dw-14460"
      },
      {
        "quantity": 21,
        "quantityKey": "dw-14436"
      },
      {
        "quantity": 21,
        "quantityKey": "dw-14416"
      },
      {
        "quantity": 21,
        "quantityKey": "dw-14406"
      },
      {
        "quantity": 21,
        "quantityKey": "dw-14414"
      },
      {
        "quantity": 21,
        "quantityKey": "dw-14480"
      },
      {
        "quantity": 11,
        "quantityKey": "dw-14390"
      },
      {
        "quantity": 21,
        "quantityKey": "dw-14468"
      },
      {
        "quantity": 21,
        "quantityKey": "dw-14452"
      },
      {
        "quantity": 21,
        "quantityKey": "dw-14434"
      }
    ],
    "emission": 0,
    "allergies": [
      {
        "id": 3,
        "infoSource": null,
        "level": {
          "enumType": "se.mat.mycroft.enums.AllergyLevel",
          "name": "TRACES"
        },
        "substanceName": "Ägg"
      },
      {
        "id": 6,
        "infoSource": null,
        "level": {
          "enumType": "se.mat.mycroft.enums.AllergyLevel",
          "name": "CONTAINS"
        },
        "substanceName": "Sojabönor"
      },
      {
        "id": 7,
        "infoSource": null,
        "level": {
          "enumType": "se.mat.mycroft.enums.AllergyLevel",
          "name": "CONTAINS"
        },
        "substanceName": "Mjölk"
      },
      {
        "id": 10,
        "infoSource": null,
        "level": {
          "enumType": "se.mat.mycroft.enums.AllergyLevel",
          "name": "TRACES"
        },
        "substanceName": "Nötter"
      },
      {
        "id": 13,
        "infoSource": null,
        "level": {
          "enumType": "se.mat.mycroft.enums.AllergyLevel",
          "name": "TRACES"
        },
        "substanceName": "Sesamfrön"
      },
      {
        "id": 1,
        "infoSource": null,
        "level": {
          "enumType": "se.mat.mycroft.enums.AllergyLevel",
          "name": "TRACES"
        },
        "substanceName": "Gluten"
      }
    ],
    "warehouseProductMappingId": null,
    "productRelationship": {
      "canBeReplacedWithProductIds": [],
      "canBeSubstitutedWithProductIds": [
        93849,
        90633,
        29294
      ],
      "sameContentProductIds": []
    },
    "soldCount": 2153,
    "variety": "",
    "isAgreeWithPersonalTerms": null,
    "hasDeclinedPersonalAgreement": null,
    "probability": null,
    "productCountries": [],
    "productVarieties": [],
    "productBanner": null,
    "isShowOnTopProduct": false,
    "primaryCategoryNamePath": "Mat.se Göteborg/Hälsa & Träning/Bars"
  },
  {
    "id": 124734,
    "dateCreated": "Fri Apr 09 09:24:56 CEST 2021",
    "name": "Double Bite Peanut Crisp",
    "showPrice": "25,50  kr",
    "friendlyUrl": "double-bite-peanut-crisp-barebells-55g",
    "formattedName": "Double Bite Peanut Crisp",
    "ean": "7340001804157",
    "countryOfOrigin": "EU",
    "translatedCountryName": "EU",
    "labelTags": [],
    "hasImage": true,
    "imageUrl": "https://d1hr6nb56yyl1.cloudfront.net/product-images/124734-150.jpg",
    "brand": {
      "id": 3423,
      "name": "Barebells"
    },
    "categories": [
      {
        "id": 11474,
        "name": "Bars"
      },
      {
        "id": 4336,
        "name": "Bars"
      }
    ],
    "displayBrand": "Barebells",
    "favouriteCount": 64,
    "active": true,
    "inStockQuantity": 25,
    "orderable": true,
    "price": 25.5,
    "priceWithoutVat": 22.7678571429,
    "recommendedRetailPrice": null,
    "readableComparisonPrice": "463,64 kr/kg",
    "discount": null,
    "discountedPrice": 0,
    "size": "55G",
    "weightProduct": false,
    "vat": 12,
    "content": "Sötningsmedel (maltitol, erytritol, sucralos), SOJAPROTEIN, fyllnadsmedel (polydextros), kakaosmör, fuktighetsbevarande medel (glycerol), MJÖLKPULVER, kollagenhydrolysat, JORDNÖTTER, kakaomassa, SOJAOLJA, tapiokastärkelse, SOJAGRANULAT, arom, salt, emulgeringsmedel (SOJALECITIN). Kan innehålla spår av GLUTEN, ÄGG, NÖTTER och SESAMFRÖ.",
    "nutrition": "Näringsvärde per 100 Gram\nenergi 1564 Kilojoule\nenergi 376 Kilokalori\nfett 17 Gram\nvarav mättat fett 8.3 Gram\nkolhydrat 35 Gram\nvarav sockerarter 3.5 Gram\nfiber 9 Gram\nprotein 28 Gram\nsalt 1.2 Gram",
    "durability": null,
    "recycling": null,
    "detail": "Proteinbite med jordnötter (5%) och mjölkchokladöverdrag (26%). Innehåller sötningsmedel. Innehåller naturligt förekommande socker. Utan palmolja.\n\nÖverdriven konsumtion kan ha laxerande effekt. Sorteras som plastförpackning.\n\nFörvaras i rumstemperatur.",
    "storage": "Förvaras i rumstemperatur.",
    "combinedNameWithBrand": "Double Bite Peanut Crisp Barebells",
    "averageProductLife": 0,
    "minimumDaysBeforeExpire": 31,
    "averageUnitWeight": 56,
    "weight": 56,
    "isMixable": false,
    "idRequired": 0,
    "tagNames": [
      "utan",
      "UTS",
      "Sugar",
      "added",
      "tillsatt",
      "No",
      "proteinbar",
      "palmolja",
      "Socker"
    ],
    "featured": false,
    "campaignRank": 250,
    "availableQuantities": [
      {
        "quantity": 17,
        "quantityKey": "dw-14390"
      },
      {
        "quantity": 25,
        "quantityKey": "dw-14452"
      },
      {
        "quantity": 25,
        "quantityKey": "dw-14474"
      },
      {
        "quantity": 25,
        "quantityKey": "default"
      },
      {
        "quantity": 17,
        "quantityKey": "dw-14392"
      },
      {
        "quantity": 25,
        "quantityKey": "dw-14414"
      },
      {
        "quantity": 25,
        "quantityKey": "dw-14400"
      },
      {
        "quantity": 25,
        "quantityKey": "dw-14408"
      },
      {
        "quantity": 25,
        "quantityKey": "dw-14450"
      },
      {
        "quantity": 25,
        "quantityKey": "dw-14416"
      },
      {
        "quantity": 25,
        "quantityKey": "dw-14428"
      },
      {
        "quantity": 25,
        "quantityKey": "dw-14422"
      },
      {
        "quantity": 25,
        "quantityKey": "dw-14458"
      },
      {
        "quantity": 17,
        "quantityKey": "dw-14398"
      },
      {
        "quantity": 25,
        "quantityKey": "dw-14406"
      },
      {
        "quantity": 25,
        "quantityKey": "dw-14442"
      },
      {
        "quantity": 25,
        "quantityKey": "dw-14468"
      },
      {
        "quantity": 25,
        "quantityKey": "dw-14426"
      },
      {
        "quantity": 25,
        "quantityKey": "dw-14460"
      },
      {
        "quantity": 25,
        "quantityKey": "dw-14444"
      },
      {
        "quantity": 25,
        "quantityKey": "dw-14466"
      },
      {
        "quantity": 25,
        "quantityKey": "dw-14436"
      },
      {
        "quantity": 25,
        "quantityKey": "dw-14434"
      }
    ],
    "emission": 0,
    "allergies": [
      {
        "id": 3,
        "infoSource": null,
        "level": {
          "enumType": "se.mat.mycroft.enums.AllergyLevel",
          "name": "TRACES"
        },
        "substanceName": "Ägg"
      },
      {
        "id": 7,
        "infoSource": null,
        "level": {
          "enumType": "se.mat.mycroft.enums.AllergyLevel",
          "name": "CONTAINS"
        },
        "substanceName": "Mjölk"
      },
      {
        "id": 5,
        "infoSource": null,
        "level": {
          "enumType": "se.mat.mycroft.enums.AllergyLevel",
          "name": "CONTAINS"
        },
        "substanceName": "Jordnötter"
      },
      {
        "id": 10,
        "infoSource": null,
        "level": {
          "enumType": "se.mat.mycroft.enums.AllergyLevel",
          "name": "TRACES"
        },
        "substanceName": "Nötter"
      },
      {
        "id": 1,
        "infoSource": null,
        "level": {
          "enumType": "se.mat.mycroft.enums.AllergyLevel",
          "name": "TRACES"
        },
        "substanceName": "Gluten"
      },
      {
        "id": 6,
        "infoSource": null,
        "level": {
          "enumType": "se.mat.mycroft.enums.AllergyLevel",
          "name": "CONTAINS"
        },
        "substanceName": "Sojabönor"
      },
      {
        "id": 13,
        "infoSource": null,
        "level": {
          "enumType": "se.mat.mycroft.enums.AllergyLevel",
          "name": "TRACES"
        },
        "substanceName": "Sesamfrön"
      }
    ],
    "warehouseProductMappingId": null,
    "productRelationship": {
      "canBeReplacedWithProductIds": [],
      "canBeSubstitutedWithProductIds": [],
      "sameContentProductIds": []
    },
    "soldCount": 428,
    "variety": "",
    "isAgreeWithPersonalTerms": null,
    "hasDeclinedPersonalAgreement": null,
    "probability": null,
    "productCountries": [],
    "productVarieties": [],
    "productBanner": null,
    "isShowOnTopProduct": false,
    "primaryCategoryNamePath": "Mat.se Göteborg/Hälsa & Träning/Bars"
  },
  {
    "id": 60726,
    "dateCreated": "Sun Feb 21 13:23:44 CET 2016",
    "name": "Protein Bar Toffee/caramel",
    "showPrice": "12,95  kr",
    "friendlyUrl": "proteinbar-t-c-proteinpro-45-g",
    "formattedName": "Protein Bar Toffee/caramel",
    "ean": "7350021420428",
    "countryOfOrigin": "SE",
    "translatedCountryName": "Sverige",
    "labelTags": [],
    "hasImage": true,
    "imageUrl": "https://d1hr6nb56yyl1.cloudfront.net/product-images/60726-150.jpg",
    "brand": {
      "id": 5389,
      "name": "PROBRANDS"
    },
    "categories": [
      {
        "id": 4336,
        "name": "Bars"
      },
      {
        "id": 11474,
        "name": "Bars"
      },
      {
        "id": 9230,
        "name": "Proteintillskott"
      }
    ],
    "displayBrand": "PROBRANDS",
    "favouriteCount": 539,
    "active": true,
    "inStockQuantity": 42,
    "orderable": true,
    "price": 12.95,
    "priceWithoutVat": 11.5625,
    "recommendedRetailPrice": null,
    "readableComparisonPrice": "287,78 kr/kg",
    "discount": null,
    "discountedPrice": 0,
    "size": "45G",
    "weightProduct": false,
    "vat": 12,
    "content": "Proteinblandning 40,9% (kollagenhydrolysat, SOJA-/SOYAproteinisolat, vassle-/myse-/valleprotein koncentrat (MJÖLK/MELK/MÆLK), MJÖLK-/MELK-/MÆLKproteinisolat), MJÖLKchoklad/ MELK/MÆLKsjokolade med sötningsmedel/søtstoff 15% (sötningsmedel/søtstoff (maltitol), kakaosmör, helMJÖLK-/MELK-/MÆLKpulver, kakaomassa, fettreducerad kakaopulver, emulgeringsmedel/emulgator (solros/solsikke lecitin), arom), fuktighetsbevarande medel (glycerol), fruktooligosackarider, sötningsmedel/søtstoff (maltitol), rapsolja, rice crisps (ris, morot/gulrot), kakaopulver, kakaosmör, kokos, emulgeringsmedel/emulgator (SOJA-/SOYA lecitin), arom. Kan innehålla spår av JORDNÖT och TRÄDNÖTTER.",
    "nutrition": "Näringsvärde per 45 Gram\nenergi 708 Kilojoule\nenergi 169 Kilokalori\nfett 5.9 Gram\nvarav mättat fett 2.5 Gram\nkolhydrat 18 Gram\nvarav sockerarter 1.7 Gram\nsockeralkoholer 10 Gram\nfiber 3.5 Gram\nprotein 17 Gram\nsalt 0.23 Gram",
    "durability": null,
    "recycling": null,
    "detail": "Härlig smak! Högt proteininnehåll! Inget tillsatt socker! Inte så konstigt att det här är en av våra storsäljare!",
    "storage": "Förvaras vid högst 25 °C",
    "combinedNameWithBrand": "Protein Bar Toffee/caramel Probrands",
    "averageProductLife": 0,
    "minimumDaysBeforeExpire": 31,
    "averageUnitWeight": 46,
    "weight": 46,
    "isMixable": false,
    "idRequired": 0,
    "tagNames": [
      "Fitness",
      "hälsa",
      "proteinpro",
      "träning",
      "träna",
      "mellanmål",
      "hälsokost",
      "muskelbyggning",
      "gym",
      "energibar",
      "proteinbar",
      "Träning&Måbra",
      "energi",
      "powerbar",
      "Protein",
      "bars",
      "återhämtning",
      "bar",
      "Energybar",
      "PROTEINPRO Proteinbar T/C 45 g",
      "snack"
    ],
    "featured": false,
    "campaignRank": 117,
    "availableQuantities": [
      {
        "quantity": 42,
        "quantityKey": "dw-14390"
      },
      {
        "quantity": 42,
        "quantityKey": "dw-14398"
      },
      {
        "quantity": 42,
        "quantityKey": "dw-14414"
      },
      {
        "quantity": 42,
        "quantityKey": "dw-14426"
      },
      {
        "quantity": 42,
        "quantityKey": "dw-14434"
      },
      {
        "quantity": 42,
        "quantityKey": "dw-14408"
      },
      {
        "quantity": 42,
        "quantityKey": "dw-14428"
      },
      {
        "quantity": 42,
        "quantityKey": "dw-14466"
      },
      {
        "quantity": 42,
        "quantityKey": "dw-14422"
      },
      {
        "quantity": 42,
        "quantityKey": "dw-14450"
      },
      {
        "quantity": 42,
        "quantityKey": "dw-14460"
      },
      {
        "quantity": 42,
        "quantityKey": "dw-14392"
      },
      {
        "quantity": 42,
        "quantityKey": "dw-14400"
      },
      {
        "quantity": 42,
        "quantityKey": "dw-14452"
      },
      {
        "quantity": 42,
        "quantityKey": "dw-14442"
      },
      {
        "quantity": 42,
        "quantityKey": "default"
      },
      {
        "quantity": 42,
        "quantityKey": "dw-14406"
      },
      {
        "quantity": 42,
        "quantityKey": "dw-14444"
      },
      {
        "quantity": 42,
        "quantityKey": "dw-14416"
      },
      {
        "quantity": 42,
        "quantityKey": "dw-14436"
      },
      {
        "quantity": 42,
        "quantityKey": "dw-14458"
      },
      {
        "quantity": 42,
        "quantityKey": "dw-14468"
      },
      {
        "quantity": 42,
        "quantityKey": "dw-14474"
      }
    ],
    "emission": 0,
    "allergies": [
      {
        "id": 7,
        "infoSource": null,
        "level": {
          "enumType": "se.mat.mycroft.enums.AllergyLevel",
          "name": "CONTAINS"
        },
        "substanceName": "Mjölk"
      },
      {
        "id": 10,
        "infoSource": null,
        "level": {
          "enumType": "se.mat.mycroft.enums.AllergyLevel",
          "name": "TRACES"
        },
        "substanceName": "Nötter"
      },
      {
        "id": 6,
        "infoSource": null,
        "level": {
          "enumType": "se.mat.mycroft.enums.AllergyLevel",
          "name": "CONTAINS"
        },
        "substanceName": "Sojabönor"
      },
      {
        "id": 5,
        "infoSource": null,
        "level": {
          "enumType": "se.mat.mycroft.enums.AllergyLevel",
          "name": "TRACES"
        },
        "substanceName": "Jordnötter"
      }
    ],
    "warehouseProductMappingId": null,
    "productRelationship": {
      "canBeReplacedWithProductIds": [],
      "canBeSubstitutedWithProductIds": [
        90632,
        94962,
        87829,
        93356
      ],
      "sameContentProductIds": []
    },
    "soldCount": 3328,
    "variety": "",
    "isAgreeWithPersonalTerms": null,
    "hasDeclinedPersonalAgreement": null,
    "probability": null,
    "productCountries": [],
    "productVarieties": [],
    "productBanner": null,
    "isShowOnTopProduct": false,
    "primaryCategoryNamePath": "Mat.se Göteborg/Apoteksvaror/Vitaminer, Hälso- & Kosttillskott/Bars"
  },
  {
    "id": 37256,
    "dateCreated": "Tue Jul 22 13:07:57 CEST 2014",
    "name": "Swebar Cocos Proteinbar",
    "showPrice": "20,50  kr",
    "friendlyUrl": "swebar-cocos-dalblads-nutrition-ab-55g",
    "formattedName": "Swebar Cocos Proteinbar",
    "ean": "7350006712579",
    "countryOfOrigin": "EU",
    "translatedCountryName": "EU",
    "labelTags": [],
    "hasImage": true,
    "imageUrl": "https://d1hr6nb56yyl1.cloudfront.net/product-images/37256-150.jpg",
    "brand": {
      "id": 1319,
      "name": "DALBLADS"
    },
    "categories": [
      {
        "id": 9230,
        "name": "Proteintillskott"
      },
      {
        "id": 4336,
        "name": "Bars"
      },
      {
        "id": 11474,
        "name": "Bars"
      }
    ],
    "displayBrand": "DALBLADS",
    "favouriteCount": 440,
    "active": true,
    "inStockQuantity": 21,
    "orderable": true,
    "price": 20.5,
    "priceWithoutVat": 18.3035714286,
    "recommendedRetailPrice": null,
    "readableComparisonPrice": "372,73 kr/kg",
    "discount": null,
    "discountedPrice": 0,
    "size": "55G",
    "weightProduct": false,
    "vat": 12,
    "content": "Vassleproteinisolat/Myseproteinisolat (från MJÖLK/MELK), MJÖLKCHOKLAD/MELKESJOKOLADE 15% (socker/sukker, kakaosmör, HELMJÖLKSPULVER/MELKEPULVER AV HELMELK,kakaomassa, emulgeringsmedel (SOJALECITIN/SOYALECITIN), arom), glukossirap, fruktossirap, överdrag/overtrekk (socker/sukker, vegetabilisk olja och fett (palm/palme, shea), fettreducerad/fettredusert kakao, SKUMMJÖLKSPULVER/MELKEPULVER AV SKUMMET MELK, emulgeringsmedel (SOJALECITIN/SOYALECITIN, sorbitantristearat), arom), torkad/tørket kokos (8%), solrosolja/solsikkeolje, MJÖLKPROTEIN/MELKEPROTEIN, ÄGGVITEPROTEIN/EGGEHVITEPROTEIN, emulgeringsmedel (SOJALECITIN/SOYALECITIN), arom. Kan innehålla spår/spor av SOJAPROTEIN/SOYAPROTEIN.",
    "nutrition": "Näringsvärde per 55 Gram\nenergi 1000 Kilojoule\nenergi 250 Kilokalori\nfett 11 Gram\nvarav mättat fett 6.5 Gram\nkolhydrat 21 Gram\nvarav sockerarter 19 Gram\nprotein 15 Gram\nsalt 0.2 Gram",
    "durability": null,
    "recycling": null,
    "detail": "Swebar Original Cocos är den eviga storsäljaren fylld med både kokossmak och massor av kokosflingor. Med sitt höga proteininnehåll passar den perfekt som återhämtning och belöning efter ett hårt träningspass. Proteinet absorberas snabbt av kroppen och når musklerna omedelbart, vilket är extra bra för dess reparation och uppbyggnad. Med en Swebar efter ett träningspass är du snabbt återhämtad och redo för nästa. Swebar Original Cocos innehåller ej tillsatta nötter.\n\nEfter träning eller som mellanmål",
    "storage": "Förvaras vid högst 25 °C",
    "combinedNameWithBrand": "Swebar Cocos Proteinbar Dalblads",
    "averageProductLife": 0,
    "minimumDaysBeforeExpire": 31,
    "averageUnitWeight": 56,
    "weight": 56,
    "isMixable": false,
    "idRequired": 0,
    "tagNames": [
      "återhämtning",
      "Fitness",
      "energi",
      "snack",
      "träning",
      "träna",
      "bars",
      "swebar",
      "kokosbar",
      "Energybar",
      "energy",
      "energibar",
      "Träning&Måbra",
      "chokladbar",
      "Protein",
      "hälsa",
      "proteinbar",
      "energikaka",
      "bar",
      "mellanmål"
    ],
    "featured": false,
    "campaignRank": 215,
    "availableQuantities": [
      {
        "quantity": 21,
        "quantityKey": "dw-14390"
      },
      {
        "quantity": 21,
        "quantityKey": "dw-14408"
      },
      {
        "quantity": 21,
        "quantityKey": "dw-14392"
      },
      {
        "quantity": 21,
        "quantityKey": "dw-14426"
      },
      {
        "quantity": 21,
        "quantityKey": "dw-14436"
      },
      {
        "quantity": 21,
        "quantityKey": "dw-14474"
      },
      {
        "quantity": 21,
        "quantityKey": "dw-14422"
      },
      {
        "quantity": 21,
        "quantityKey": "dw-14450"
      },
      {
        "quantity": 21,
        "quantityKey": "dw-14460"
      },
      {
        "quantity": 21,
        "quantityKey": "dw-14398"
      },
      {
        "quantity": 21,
        "quantityKey": "dw-14452"
      },
      {
        "quantity": 21,
        "quantityKey": "default"
      },
      {
        "quantity": 21,
        "quantityKey": "dw-14458"
      },
      {
        "quantity": 21,
        "quantityKey": "dw-14442"
      },
      {
        "quantity": 21,
        "quantityKey": "dw-14466"
      },
      {
        "quantity": 21,
        "quantityKey": "dw-14406"
      },
      {
        "quantity": 21,
        "quantityKey": "dw-14416"
      },
      {
        "quantity": 21,
        "quantityKey": "dw-14414"
      },
      {
        "quantity": 21,
        "quantityKey": "dw-14434"
      },
      {
        "quantity": 21,
        "quantityKey": "dw-14400"
      },
      {
        "quantity": 21,
        "quantityKey": "dw-14428"
      },
      {
        "quantity": 21,
        "quantityKey": "dw-14444"
      },
      {
        "quantity": 21,
        "quantityKey": "dw-14468"
      }
    ],
    "emission": 0,
    "allergies": [
      {
        "id": 7,
        "infoSource": null,
        "level": {
          "enumType": "se.mat.mycroft.enums.AllergyLevel",
          "name": "CONTAINS"
        },
        "substanceName": "Mjölk"
      },
      {
        "id": 6,
        "infoSource": null,
        "level": {
          "enumType": "se.mat.mycroft.enums.AllergyLevel",
          "name": "CONTAINS"
        },
        "substanceName": "Sojabönor"
      },
      {
        "id": 3,
        "infoSource": null,
        "level": {
          "enumType": "se.mat.mycroft.enums.AllergyLevel",
          "name": "CONTAINS"
        },
        "substanceName": "Ägg"
      }
    ],
    "warehouseProductMappingId": null,
    "productRelationship": {
      "canBeReplacedWithProductIds": [],
      "canBeSubstitutedWithProductIds": [
        95424,
        90634,
        64476,
        64637,
        71870,
        94958
      ],
      "sameContentProductIds": []
    },
    "soldCount": 3690,
    "variety": "",
    "isAgreeWithPersonalTerms": null,
    "hasDeclinedPersonalAgreement": null,
    "probability": null,
    "productCountries": [],
    "productVarieties": [],
    "productBanner": null,
    "isShowOnTopProduct": false,
    "primaryCategoryNamePath": "Mat.se Göteborg/Apoteksvaror/Vitaminer, Hälso- & Kosttillskott/Proteintillskott"
  },
  {
    "id": 119062,
    "dateCreated": "Wed Sep 02 08:40:44 CEST 2020",
    "name": "Double Bite Caramel Crisp",
    "showPrice": "25,50  kr",
    "friendlyUrl": "twin-bar-caramel-barebells-55g",
    "formattedName": "Double Bite Caramel Crisp",
    "ean": "7340001803693",
    "countryOfOrigin": "EU",
    "translatedCountryName": "EU",
    "labelTags": [],
    "hasImage": true,
    "imageUrl": "https://d1hr6nb56yyl1.cloudfront.net/product-images/119062-150.jpg",
    "brand": {
      "id": 3423,
      "name": "Barebells"
    },
    "categories": [
      {
        "id": 11474,
        "name": "Bars"
      },
      {
        "id": 4336,
        "name": "Bars"
      }
    ],
    "displayBrand": "Barebells",
    "favouriteCount": 119,
    "active": true,
    "inStockQuantity": 13,
    "orderable": true,
    "price": 25.5,
    "priceWithoutVat": 22.7678571429,
    "recommendedRetailPrice": null,
    "readableComparisonPrice": "463,64 kr/kg",
    "discount": null,
    "discountedPrice": 0,
    "size": "2PX27,5G",
    "weightProduct": false,
    "vat": 12,
    "content": "Sötningsmedel (maltitol, erytritol, xylitol, sukralos), SOJAPROTEIN, polydextros, kollagenhydrolysat, fuktighetsbevarande medel (glycerol), kakaosmör, HELMJÖLKSPULVER, SOJAOLJA, kakaomassa, tapiokastärkelse, SKUMMJÖLKSPULVER, MJÖLKPROTEIN, kakaopulver, salt, emulgeringsmedel (SOJALECITIN), arom. Kan innehålla spår av GLUTEN, ÄGG, JORDNÖTTER, NÖTTER och SESAMFRÖ.",
    "nutrition": "Näringsvärde per 100 Gram\nenergi 1491 Kilojoule\nenergi 357 Kilokalori\nfett 14 Gram\nvarav mättat fett 7 Gram\nkolhydrat 34 Gram\nvarav sockerarter 3.7 Gram\nfiber 13 Gram\nprotein 31 Gram\nsalt 1 Gram",
    "durability": null,
    "recycling": null,
    "detail": "Proteinbite med smak av kola och med mjölkchokladöverdrag (24%). Innehåller sötningsmedel. Innehåller naturligt förekommande socker. Utan palmolja.\n\nÖverdriven konsumtion kan ha laxerande effekt. Sorteras som plastförpackning.\n\nFörvaras i rumstemperatur.",
    "storage": "Förvaras i rumstemperatur.",
    "combinedNameWithBrand": "Double Bite Caramel Crisp Barebells",
    "averageProductLife": 0,
    "minimumDaysBeforeExpire": 31,
    "averageUnitWeight": 56,
    "weight": 56,
    "isMixable": false,
    "idRequired": 0,
    "tagNames": [
      "No",
      "tillsatt",
      "added",
      "Socker",
      "proteinbar",
      "UTS",
      "utan",
      "Sugar"
    ],
    "featured": false,
    "campaignRank": 249,
    "availableQuantities": [
      {
        "quantity": 13,
        "quantityKey": "dw-14406"
      },
      {
        "quantity": 13,
        "quantityKey": "dw-14450"
      },
      {
        "quantity": 13,
        "quantityKey": "dw-14460"
      },
      {
        "quantity": 13,
        "quantityKey": "dw-14428"
      },
      {
        "quantity": 13,
        "quantityKey": "dw-14474"
      },
      {
        "quantity": 13,
        "quantityKey": "dw-14444"
      },
      {
        "quantity": 13,
        "quantityKey": "dw-14400"
      },
      {
        "quantity": 13,
        "quantityKey": "dw-14398"
      },
      {
        "quantity": 13,
        "quantityKey": "dw-14468"
      },
      {
        "quantity": 13,
        "quantityKey": "dw-14414"
      },
      {
        "quantity": 13,
        "quantityKey": "dw-14436"
      },
      {
        "quantity": 13,
        "quantityKey": "dw-14466"
      },
      {
        "quantity": 13,
        "quantityKey": "dw-14426"
      },
      {
        "quantity": 13,
        "quantityKey": "dw-14390"
      },
      {
        "quantity": 13,
        "quantityKey": "dw-14422"
      },
      {
        "quantity": 13,
        "quantityKey": "dw-14408"
      },
      {
        "quantity": 13,
        "quantityKey": "dw-14458"
      },
      {
        "quantity": 13,
        "quantityKey": "default"
      },
      {
        "quantity": 13,
        "quantityKey": "dw-14416"
      },
      {
        "quantity": 13,
        "quantityKey": "dw-14442"
      },
      {
        "quantity": 13,
        "quantityKey": "dw-14392"
      },
      {
        "quantity": 13,
        "quantityKey": "dw-14434"
      },
      {
        "quantity": 13,
        "quantityKey": "dw-14452"
      }
    ],
    "emission": 0,
    "allergies": [
      {
        "id": 1,
        "infoSource": null,
        "level": {
          "enumType": "se.mat.mycroft.enums.AllergyLevel",
          "name": "TRACES"
        },
        "substanceName": "Gluten"
      },
      {
        "id": 5,
        "infoSource": null,
        "level": {
          "enumType": "se.mat.mycroft.enums.AllergyLevel",
          "name": "TRACES"
        },
        "substanceName": "Jordnötter"
      },
      {
        "id": 6,
        "infoSource": null,
        "level": {
          "enumType": "se.mat.mycroft.enums.AllergyLevel",
          "name": "CONTAINS"
        },
        "substanceName": "Sojabönor"
      },
      {
        "id": 10,
        "infoSource": null,
        "level": {
          "enumType": "se.mat.mycroft.enums.AllergyLevel",
          "name": "TRACES"
        },
        "substanceName": "Nötter"
      },
      {
        "id": 13,
        "infoSource": null,
        "level": {
          "enumType": "se.mat.mycroft.enums.AllergyLevel",
          "name": "TRACES"
        },
        "substanceName": "Sesamfrön"
      },
      {
        "id": 3,
        "infoSource": null,
        "level": {
          "enumType": "se.mat.mycroft.enums.AllergyLevel",
          "name": "TRACES"
        },
        "substanceName": "Ägg"
      },
      {
        "id": 7,
        "infoSource": null,
        "level": {
          "enumType": "se.mat.mycroft.enums.AllergyLevel",
          "name": "CONTAINS"
        },
        "substanceName": "Mjölk"
      }
    ],
    "warehouseProductMappingId": null,
    "productRelationship": {
      "canBeReplacedWithProductIds": [],
      "canBeSubstitutedWithProductIds": [],
      "sameContentProductIds": []
    },
    "soldCount": 707,
    "variety": "",
    "isAgreeWithPersonalTerms": null,
    "hasDeclinedPersonalAgreement": null,
    "probability": null,
    "productCountries": [],
    "productVarieties": [],
    "productBanner": null,
    "isShowOnTopProduct": false,
    "primaryCategoryNamePath": "Mat.se Göteborg/Hälsa & Träning/Bars"
  },
  {
    "id": 60727,
    "dateCreated": "Sun Feb 21 13:22:00 CET 2016",
    "name": "Protein Bar Choklad",
    "showPrice": "12,95  kr",
    "friendlyUrl": "proteinbar-c-proteinpro-45-g",
    "formattedName": "Protein Bar Choklad",
    "ean": "7350021420442",
    "countryOfOrigin": "DE",
    "translatedCountryName": "Tyskland",
    "labelTags": [],
    "hasImage": true,
    "imageUrl": "https://d1hr6nb56yyl1.cloudfront.net/product-images/60727-150.jpg",
    "brand": {
      "id": 5389,
      "name": "PROBRANDS"
    },
    "categories": [
      {
        "id": 4336,
        "name": "Bars"
      },
      {
        "id": 11474,
        "name": "Bars"
      },
      {
        "id": 9230,
        "name": "Proteintillskott"
      }
    ],
    "displayBrand": "PROBRANDS",
    "favouriteCount": 548,
    "active": true,
    "inStockQuantity": 50,
    "orderable": true,
    "price": 12.95,
    "priceWithoutVat": 11.5625,
    "recommendedRetailPrice": null,
    "readableComparisonPrice": "287,78 kr/kg",
    "discount": null,
    "discountedPrice": 0,
    "size": "45G",
    "weightProduct": false,
    "vat": 12,
    "content": "Proteinblandning 40,9% (kollagenhydrolysat, SOJAPROTEINISOLAT, VASSLEPROTEIN koncentrat (MJÖLK), MJÖLKproteinisolat), MJÖLKCHOKLAD med sötningsmedel­ 15% (sötningsmedel­ (maltitol), kakaosmör, HELMJÖLKSPULVER, kakaomassa, fettreducerad kakaopulver, emulgeringsmedel (solroslecitin), arom), fuktighetsbevarande medel (glycerol), fruktooligosackarider, sötningsmedel (maltitol), rapsolja, rice crisps (ris, morot), kokos, kakaopulver 2 %, kakaosmör, emulgeringsmedel (SOJALECITIN), arom. Kan innehålla spår av JORDNÖT och TRÄDNÖTTER.",
    "nutrition": "Näringsvärde per 100 Gram\nenergi 1597 Kilojoule\nenergi 382 Kilokalori\nfett 14 Gram\nvarav mättat fett 6.3 Gram\nkolhydrat 39 Gram\nvarav sockerarter 3.5 Gram\nsockeralkoholer 23 Gram\nfiber 8 Gram\nprotein 38 Gram\nsalt 0.5 Gram",
    "durability": null,
    "recycling": null,
    "detail": "Härlig smak! Högt proteininnehåll! Inget tillsatt socker! Inte så konstigt att det här är en av våra storsäljare!",
    "storage": "Förvaras vid högst 25 °C",
    "combinedNameWithBrand": "Protein Bar Choklad Probrands",
    "averageProductLife": 0,
    "minimumDaysBeforeExpire": 31,
    "averageUnitWeight": 46,
    "weight": 46,
    "isMixable": false,
    "idRequired": 0,
    "tagNames": [
      "Protein",
      "hälsa",
      "mellanmål",
      "träning",
      "proteinbar",
      "energibar",
      "energi",
      "ProteinPRO Proteinbar Chocolate 45 g",
      "Fitness",
      "återhämtning",
      "bar",
      "proteinpro",
      "hälsokost",
      "chokladbar",
      "snack",
      "bars",
      "gym",
      "Energybar",
      "Träning&Måbra"
    ],
    "featured": false,
    "campaignRank": 197,
    "availableQuantities": [
      {
        "quantity": 50,
        "quantityKey": "dw-14468"
      },
      {
        "quantity": 50,
        "quantityKey": "dw-14434"
      },
      {
        "quantity": 50,
        "quantityKey": "dw-14422"
      },
      {
        "quantity": 50,
        "quantityKey": "dw-14458"
      },
      {
        "quantity": 50,
        "quantityKey": "dw-14444"
      },
      {
        "quantity": 50,
        "quantityKey": "dw-14466"
      },
      {
        "quantity": 50,
        "quantityKey": "dw-14408"
      },
      {
        "quantity": 50,
        "quantityKey": "dw-14416"
      },
      {
        "quantity": 50,
        "quantityKey": "dw-14392"
      },
      {
        "quantity": 29,
        "quantityKey": "dw-14390"
      },
      {
        "quantity": 50,
        "quantityKey": "dw-14400"
      },
      {
        "quantity": 50,
        "quantityKey": "dw-14436"
      },
      {
        "quantity": 50,
        "quantityKey": "dw-14452"
      },
      {
        "quantity": 50,
        "quantityKey": "dw-14460"
      },
      {
        "quantity": 50,
        "quantityKey": "dw-14480"
      },
      {
        "quantity": 50,
        "quantityKey": "dw-14426"
      },
      {
        "quantity": 50,
        "quantityKey": "dw-14474"
      },
      {
        "quantity": 50,
        "quantityKey": "dw-14450"
      },
      {
        "quantity": 50,
        "quantityKey": "dw-14414"
      },
      {
        "quantity": 50,
        "quantityKey": "dw-14398"
      },
      {
        "quantity": 50,
        "quantityKey": "dw-14406"
      },
      {
        "quantity": 50,
        "quantityKey": "dw-14442"
      },
      {
        "quantity": 50,
        "quantityKey": "dw-14428"
      },
      {
        "quantity": 50,
        "quantityKey": "default"
      },
      {
        "quantity": 50,
        "quantityKey": "dw-14478"
      }
    ],
    "emission": 0,
    "allergies": [
      {
        "id": 10,
        "infoSource": null,
        "level": {
          "enumType": "se.mat.mycroft.enums.AllergyLevel",
          "name": "TRACES"
        },
        "substanceName": "Nötter"
      },
      {
        "id": 7,
        "infoSource": null,
        "level": {
          "enumType": "se.mat.mycroft.enums.AllergyLevel",
          "name": "CONTAINS"
        },
        "substanceName": "Mjölk"
      },
      {
        "id": 6,
        "infoSource": null,
        "level": {
          "enumType": "se.mat.mycroft.enums.AllergyLevel",
          "name": "CONTAINS"
        },
        "substanceName": "Sojabönor"
      },
      {
        "id": 5,
        "infoSource": null,
        "level": {
          "enumType": "se.mat.mycroft.enums.AllergyLevel",
          "name": "TRACES"
        },
        "substanceName": "Jordnötter"
      }
    ],
    "warehouseProductMappingId": null,
    "productRelationship": {
      "canBeReplacedWithProductIds": [],
      "canBeSubstitutedWithProductIds": [
        95427,
        85906,
        82146,
        37268,
        31076,
        93364,
        64477
      ],
      "sameContentProductIds": []
    },
    "soldCount": 3388,
    "variety": "",
    "isAgreeWithPersonalTerms": null,
    "hasDeclinedPersonalAgreement": null,
    "probability": null,
    "productCountries": [],
    "productVarieties": [],
    "productBanner": null,
    "isShowOnTopProduct": false,
    "primaryCategoryNamePath": "Mat.se Göteborg/Apoteksvaror/Vitaminer, Hälso- & Kosttillskott/Bars"
  },
  {
    "id": 122634,
    "dateCreated": "Thu Feb 18 10:48:42 CET 2021",
    "name": "Coconut",
    "showPrice": "16,50  kr",
    "friendlyUrl": "coconut-nicks-40g",
    "formattedName": "Coconut",
    "ean": "7350104401078",
    "countryOfOrigin": "MK",
    "translatedCountryName": "Makedonien",
    "labelTags": [
      {
        "id": 14,
        "name": "Särnär fri från gluten",
        "tag": "fri_gluten"
      }
    ],
    "hasImage": true,
    "imageUrl": "https://d1hr6nb56yyl1.cloudfront.net/product-images/122634-150.jpg",
    "brand": {
      "id": 4667,
      "name": "nicks"
    },
    "categories": [
      {
        "id": 11474,
        "name": "Bars"
      },
      {
        "id": 4336,
        "name": "Bars"
      }
    ],
    "displayBrand": "nicks",
    "favouriteCount": 71,
    "active": true,
    "inStockQuantity": 10,
    "orderable": true,
    "price": 16.5,
    "priceWithoutVat": 14.7321428571,
    "recommendedRetailPrice": null,
    "readableComparisonPrice": "412,50 kr/kg",
    "discount": null,
    "discountedPrice": 0,
    "size": "40g",
    "weightProduct": false,
    "vat": 12,
    "content": "Kokos (32%), sötningsmedel: erytritol, kakaosmör, löslig/oppløselig majsfiber, polydextros (fiber), MJÖLK/MÆLKEPULVER, cikoriarotfiber, sötningsmedel: xylitol, VASSLE/MYSE/VALLEpulver, kakaomassa, fuktighetsbevarande medel: veg. glycerol, emulgeringsmedel: solros/solsikkelecitin, salt, naturlig arom, sötningsmedel: steviolglykosider. Kan innehålla spår av SOJA, SESAM, NÖTTER/NØTTER/NØDDER, JORDNÖTTER/PEANØTTER/JORDNØDDER och ÄGG/EGG/ÆG.",
    "nutrition": "Näringsvärde per 100 gram\nEnergi 1702/407 kilojoule/kilokalori\nFett 31 gram\nvarav mättat fett 23.7 gram\nKolhydrat 28.3 gram\nvarav sockerarter 7.1 gram\nvarav polyoler 19.6 gram\nFiber 26.5 gram\nProtein 4.8 gram\nSalt 0.07 gram",
    "durability": null,
    "recycling": null,
    "detail": "Söta kokosflingor doppade i mjölkchoklad. Passande för lågkolhydratskost, keto, diabetes, glutenintolerans men främst för alla som vill njuta och må bra på samma gång. No added sugar, no palm oil, no gluten, just joy.\n\nUtan tillsatt socker",
    "storage": "Förvaras torrt & svalt: <30°C",
    "combinedNameWithBrand": "Coconut Nicks",
    "averageProductLife": 0,
    "minimumDaysBeforeExpire": 31,
    "averageUnitWeight": 0,
    "weight": 41,
    "isMixable": false,
    "idRequired": 0,
    "tagNames": [],
    "featured": false,
    "campaignRank": 251,
    "availableQuantities": [
      {
        "quantity": 10,
        "quantityKey": "dw-14458"
      },
      {
        "quantity": 10,
        "quantityKey": "dw-14416"
      },
      {
        "quantity": 10,
        "quantityKey": "dw-14450"
      },
      {
        "quantity": 10,
        "quantityKey": "dw-14426"
      },
      {
        "quantity": 10,
        "quantityKey": "dw-14436"
      },
      {
        "quantity": 10,
        "quantityKey": "dw-14398"
      },
      {
        "quantity": 10,
        "quantityKey": "dw-14408"
      },
      {
        "quantity": 10,
        "quantityKey": "dw-14474"
      },
      {
        "quantity": 10,
        "quantityKey": "default"
      },
      {
        "quantity": 10,
        "quantityKey": "dw-14452"
      },
      {
        "quantity": 10,
        "quantityKey": "dw-14414"
      },
      {
        "quantity": 10,
        "quantityKey": "dw-14400"
      },
      {
        "quantity": 10,
        "quantityKey": "dw-14442"
      },
      {
        "quantity": 10,
        "quantityKey": "dw-14460"
      },
      {
        "quantity": 10,
        "quantityKey": "dw-14390"
      },
      {
        "quantity": 10,
        "quantityKey": "dw-14392"
      },
      {
        "quantity": 10,
        "quantityKey": "dw-14434"
      },
      {
        "quantity": 10,
        "quantityKey": "dw-14468"
      },
      {
        "quantity": 10,
        "quantityKey": "dw-14428"
      },
      {
        "quantity": 10,
        "quantityKey": "dw-14444"
      },
      {
        "quantity": 10,
        "quantityKey": "dw-14466"
      },
      {
        "quantity": 10,
        "quantityKey": "dw-14406"
      },
      {
        "quantity": 10,
        "quantityKey": "dw-14422"
      }
    ],
    "emission": 0,
    "allergies": [
      {
        "id": 13,
        "infoSource": null,
        "level": {
          "enumType": "se.mat.mycroft.enums.AllergyLevel",
          "name": "TRACES"
        },
        "substanceName": "Sesamfrön"
      },
      {
        "id": 10,
        "infoSource": null,
        "level": {
          "enumType": "se.mat.mycroft.enums.AllergyLevel",
          "name": "TRACES"
        },
        "substanceName": "Nötter"
      },
      {
        "id": 6,
        "infoSource": null,
        "level": {
          "enumType": "se.mat.mycroft.enums.AllergyLevel",
          "name": "TRACES"
        },
        "substanceName": "Sojabönor"
      },
      {
        "id": 7,
        "infoSource": null,
        "level": {
          "enumType": "se.mat.mycroft.enums.AllergyLevel",
          "name": "CONTAINS"
        },
        "substanceName": "Mjölk"
      },
      {
        "id": 5,
        "infoSource": null,
        "level": {
          "enumType": "se.mat.mycroft.enums.AllergyLevel",
          "name": "TRACES"
        },
        "substanceName": "Jordnötter"
      },
      {
        "id": 3,
        "infoSource": null,
        "level": {
          "enumType": "se.mat.mycroft.enums.AllergyLevel",
          "name": "TRACES"
        },
        "substanceName": "Ägg"
      }
    ],
    "warehouseProductMappingId": null,
    "productRelationship": {
      "canBeReplacedWithProductIds": [],
      "canBeSubstitutedWithProductIds": [],
      "sameContentProductIds": []
    },
    "soldCount": 387,
    "variety": "",
    "isAgreeWithPersonalTerms": null,
    "hasDeclinedPersonalAgreement": null,
    "probability": null,
    "productCountries": [],
    "productVarieties": [],
    "productBanner": null,
    "isShowOnTopProduct": false,
    "primaryCategoryNamePath": "Mat.se Göteborg/Hälsa & Träning/Bars"
  },
  {
    "id": 121744,
    "dateCreated": "Fri Jan 15 09:42:15 CET 2021",
    "name": "White Salty Peanut Protein Bar",
    "showPrice": "25,50  kr",
    "friendlyUrl": "white-salty-peanut-protein-bar-barebells-55g",
    "formattedName": "White Salty Peanut Protein Bar",
    "ean": "7340001804003",
    "countryOfOrigin": "EU",
    "translatedCountryName": "EU",
    "labelTags": [],
    "hasImage": true,
    "imageUrl": "https://d1hr6nb56yyl1.cloudfront.net/product-images/121744-150.jpg",
    "brand": {
      "id": 3423,
      "name": "Barebells"
    },
    "categories": [
      {
        "id": 11474,
        "name": "Bars"
      },
      {
        "id": 4336,
        "name": "Bars"
      }
    ],
    "displayBrand": "Barebells",
    "favouriteCount": 128,
    "active": true,
    "inStockQuantity": 12,
    "orderable": true,
    "price": 25.5,
    "priceWithoutVat": 22.7678571429,
    "recommendedRetailPrice": null,
    "readableComparisonPrice": "463,64 kr/kg",
    "discount": null,
    "discountedPrice": 0,
    "size": "55G",
    "weightProduct": false,
    "vat": 12,
    "content": "MJÖLKPROTEIN, kollagenpeptider, fuktighetsbevarande medel (glycerol), polydextros, sötningsmedel (maltitol, sukralos), JORDNÖTTER, kakaosmör, vatten, MJÖLKPULVER, solrosolja, arom, salt, kakaomassa, emulgeringsmedel (SOJALECITIN). Kan innehålla spår av GLUTEN, ÄGG och NÖTTER",
    "nutrition": "Näringsvärde per 100 Gram\nenergi 1585 Kilojoule\nenergi 380 Kilokalori\nfett 17 Gram\nvarav mättat fett 6.7 Gram\nkolhydrat 26 Gram\nvarav sockerarter 2.7 Gram\nfiber 6.7 Gram\nprotein 36 Gram\nsalt 0.46 Gram",
    "durability": null,
    "recycling": null,
    "detail": "Proteinbar med salta jordnötter (8%) och överdrag av vit choklad (20%). Innehåller sötningsmedel. Innehåller naturligt förekommande socker. Utan palmolja.\n\nÖverdriven konsumtion kan ha laxerande effekt. Sorteras som plastförpackning.\n\nFörvaras i rumstemperatur.",
    "storage": "Förvaras i rumstemperatur.",
    "combinedNameWithBrand": "White Salty Peanut Protein Bar Barebells",
    "averageProductLife": 0,
    "minimumDaysBeforeExpire": 31,
    "averageUnitWeight": 56,
    "weight": 56,
    "isMixable": false,
    "idRequired": 0,
    "tagNames": [
      "Sugar",
      "tillsatt",
      "proteinbar",
      "Socker",
      "added",
      "UTS",
      "No",
      "utan"
    ],
    "featured": false,
    "campaignRank": 240,
    "availableQuantities": [
      {
        "quantity": 12,
        "quantityKey": "dw-14468"
      },
      {
        "quantity": 12,
        "quantityKey": "dw-14398"
      },
      {
        "quantity": 12,
        "quantityKey": "dw-14466"
      },
      {
        "quantity": 12,
        "quantityKey": "dw-14416"
      },
      {
        "quantity": 12,
        "quantityKey": "dw-14428"
      },
      {
        "quantity": 12,
        "quantityKey": "default"
      },
      {
        "quantity": 12,
        "quantityKey": "dw-14426"
      },
      {
        "quantity": 12,
        "quantityKey": "dw-14444"
      },
      {
        "quantity": 12,
        "quantityKey": "dw-14406"
      },
      {
        "quantity": 12,
        "quantityKey": "dw-14474"
      },
      {
        "quantity": 12,
        "quantityKey": "dw-14460"
      },
      {
        "quantity": 12,
        "quantityKey": "dw-14434"
      },
      {
        "quantity": 12,
        "quantityKey": "dw-14458"
      },
      {
        "quantity": 12,
        "quantityKey": "dw-14392"
      },
      {
        "quantity": 12,
        "quantityKey": "dw-14452"
      },
      {
        "quantity": 12,
        "quantityKey": "dw-14408"
      },
      {
        "quantity": 12,
        "quantityKey": "dw-14414"
      },
      {
        "quantity": 12,
        "quantityKey": "dw-14436"
      },
      {
        "quantity": 12,
        "quantityKey": "dw-14422"
      },
      {
        "quantity": 12,
        "quantityKey": "dw-14400"
      },
      {
        "quantity": 12,
        "quantityKey": "dw-14390"
      },
      {
        "quantity": 12,
        "quantityKey": "dw-14442"
      },
      {
        "quantity": 12,
        "quantityKey": "dw-14450"
      }
    ],
    "emission": 0,
    "allergies": [
      {
        "id": 5,
        "infoSource": null,
        "level": {
          "enumType": "se.mat.mycroft.enums.AllergyLevel",
          "name": "CONTAINS"
        },
        "substanceName": "Jordnötter"
      },
      {
        "id": 3,
        "infoSource": null,
        "level": {
          "enumType": "se.mat.mycroft.enums.AllergyLevel",
          "name": "TRACES"
        },
        "substanceName": "Ägg"
      },
      {
        "id": 7,
        "infoSource": null,
        "level": {
          "enumType": "se.mat.mycroft.enums.AllergyLevel",
          "name": "CONTAINS"
        },
        "substanceName": "Mjölk"
      },
      {
        "id": 6,
        "infoSource": null,
        "level": {
          "enumType": "se.mat.mycroft.enums.AllergyLevel",
          "name": "CONTAINS"
        },
        "substanceName": "Sojabönor"
      },
      {
        "id": 10,
        "infoSource": null,
        "level": {
          "enumType": "se.mat.mycroft.enums.AllergyLevel",
          "name": "TRACES"
        },
        "substanceName": "Nötter"
      },
      {
        "id": 1,
        "infoSource": null,
        "level": {
          "enumType": "se.mat.mycroft.enums.AllergyLevel",
          "name": "TRACES"
        },
        "substanceName": "Gluten"
      }
    ],
    "warehouseProductMappingId": null,
    "productRelationship": {
      "canBeReplacedWithProductIds": [],
      "canBeSubstitutedWithProductIds": [],
      "sameContentProductIds": []
    },
    "soldCount": 652,
    "variety": "",
    "isAgreeWithPersonalTerms": null,
    "hasDeclinedPersonalAgreement": null,
    "probability": null,
    "productCountries": [],
    "productVarieties": [],
    "productBanner": null,
    "isShowOnTopProduct": false,
    "primaryCategoryNamePath": "Mat.se Göteborg/Hälsa & Träning/Bars"
  },
  {
    "id": 37268,
    "dateCreated": "Tue Jul 22 13:07:57 CEST 2014",
    "name": "Swebar Choklad Proteinbar",
    "showPrice": "20,50  kr",
    "friendlyUrl": "swebar-chocolate-dalblads-nutrition-ab-55g",
    "formattedName": "Swebar Choklad Proteinbar",
    "ean": "7350006710704",
    "countryOfOrigin": "SE",
    "translatedCountryName": "Sverige",
    "labelTags": [],
    "hasImage": true,
    "imageUrl": "https://d1hr6nb56yyl1.cloudfront.net/product-images/37268-150.jpg",
    "brand": {
      "id": 1319,
      "name": "DALBLADS"
    },
    "categories": [
      {
        "id": 11474,
        "name": "Bars"
      },
      {
        "id": 4336,
        "name": "Bars"
      },
      {
        "id": 9230,
        "name": "Proteintillskott"
      }
    ],
    "displayBrand": "DALBLADS",
    "favouriteCount": 464,
    "active": true,
    "inStockQuantity": 24,
    "orderable": true,
    "price": 20.5,
    "priceWithoutVat": 18.3035714286,
    "recommendedRetailPrice": null,
    "readableComparisonPrice": "372,73 kr/kg",
    "discount": null,
    "discountedPrice": 0,
    "size": "55G",
    "weightProduct": false,
    "vat": 12,
    "content": "Vassleproteinisolat/Myseproteinisolat (från MJÖLK/MELK), mörk choklad/mørk sjokolade (18%) (kakaomassa, socker/sukker, kakaosmör, emulgeringsmedel (SOJALECITIN/SOYALECITIN), arom), glukossirap, fruktossirap, överdrag/overtrekk (socker/sukker, vegetabilisk olja och fett (palm/palme, shea), fettreducerad/fettredusert kakao, SKUMMJÖLKSPULVER/ MELKEPULVER AV SKUMMET MELK, emulgeringsmedel (SOJALECITIN/SOYALECITIN, sorbitantristearat), arom), MJÖLKPROTEIN/MELKEPROTEIN, ÄGGVITEPROTEIN/EGGEHVITEPROTEIN, arom, emulgeringsmedel (SOJALECITIN/SOYALECITIN). Kan innehålla spår/spor av SOJAPROTEIN/SOYAPROTEIN.",
    "nutrition": "Näringsvärde per 55 Gram\nenergi 900 Kilojoule\nenergi 220 Kilokalori\nfett 6 Gram\nvarav mättat fett 4.1 Gram\nkolhydrat 23 Gram\nvarav sockerarter 21 Gram\nprotein 17 Gram\nsalt 0.2 Gram",
    "durability": null,
    "recycling": null,
    "detail": "Swebar Original Chocolate är en av svenskarnas favoritbar och kommer bli din med. Med en riktigt härlig chokladsmak och den höga proteinhalten är detta en perfekt belöning och återhämtning efter ett hårt träningspass. Proteinet absorberas snabbt av kroppen och når musklerna omedelbart, vilket är extra bra för dess reparation och uppbyggnad. Swebar Original Chocolate har ej tillsatta nötter.\n\nEfter träning eller som mellanmål",
    "storage": "Förvaras vid högst 25 °C",
    "combinedNameWithBrand": "Swebar Choklad Proteinbar Dalblads",
    "averageProductLife": 0,
    "minimumDaysBeforeExpire": 31,
    "averageUnitWeight": 56,
    "weight": 56,
    "isMixable": false,
    "idRequired": 0,
    "tagNames": [
      "energikaka",
      "energi",
      "Träning&Måbra",
      "proteinbar",
      "energibar",
      "viktkontroll",
      "swebar",
      "Protein",
      "Energybar",
      "mellanmål",
      "Fitness",
      "hälsa",
      "bar",
      "träning",
      "hälsokost",
      "träna",
      "snack",
      "bars"
    ],
    "featured": false,
    "campaignRank": 218,
    "availableQuantities": [
      {
        "quantity": 24,
        "quantityKey": "dw-14426"
      },
      {
        "quantity": 24,
        "quantityKey": "dw-14468"
      },
      {
        "quantity": 9,
        "quantityKey": "dw-14390"
      },
      {
        "quantity": 9,
        "quantityKey": "dw-14406"
      },
      {
        "quantity": 9,
        "quantityKey": "dw-14392"
      },
      {
        "quantity": 24,
        "quantityKey": "default"
      },
      {
        "quantity": 24,
        "quantityKey": "dw-14422"
      },
      {
        "quantity": 24,
        "quantityKey": "dw-14416"
      },
      {
        "quantity": 24,
        "quantityKey": "dw-14460"
      },
      {
        "quantity": 24,
        "quantityKey": "dw-14444"
      },
      {
        "quantity": 24,
        "quantityKey": "dw-14436"
      },
      {
        "quantity": 24,
        "quantityKey": "dw-14450"
      },
      {
        "quantity": 9,
        "quantityKey": "dw-14398"
      },
      {
        "quantity": 24,
        "quantityKey": "dw-14478"
      },
      {
        "quantity": 24,
        "quantityKey": "dw-14434"
      },
      {
        "quantity": 24,
        "quantityKey": "dw-14442"
      },
      {
        "quantity": 24,
        "quantityKey": "dw-14408"
      },
      {
        "quantity": 24,
        "quantityKey": "dw-14428"
      },
      {
        "quantity": 24,
        "quantityKey": "dw-14458"
      },
      {
        "quantity": 24,
        "quantityKey": "dw-14452"
      },
      {
        "quantity": 24,
        "quantityKey": "dw-14466"
      },
      {
        "quantity": 24,
        "quantityKey": "dw-14474"
      },
      {
        "quantity": 24,
        "quantityKey": "dw-14480"
      },
      {
        "quantity": 9,
        "quantityKey": "dw-14400"
      },
      {
        "quantity": 24,
        "quantityKey": "dw-14414"
      }
    ],
    "emission": 0,
    "allergies": [
      {
        "id": 3,
        "infoSource": null,
        "level": {
          "enumType": "se.mat.mycroft.enums.AllergyLevel",
          "name": "CONTAINS"
        },
        "substanceName": "Ägg"
      },
      {
        "id": 6,
        "infoSource": null,
        "level": {
          "enumType": "se.mat.mycroft.enums.AllergyLevel",
          "name": "CONTAINS"
        },
        "substanceName": "Sojabönor"
      },
      {
        "id": 7,
        "infoSource": null,
        "level": {
          "enumType": "se.mat.mycroft.enums.AllergyLevel",
          "name": "CONTAINS"
        },
        "substanceName": "Mjölk"
      }
    ],
    "warehouseProductMappingId": null,
    "productRelationship": {
      "canBeReplacedWithProductIds": [],
      "canBeSubstitutedWithProductIds": [
        95427,
        85906,
        82146,
        31076,
        93364,
        60727,
        64477
      ],
      "sameContentProductIds": []
    },
    "soldCount": 3187,
    "variety": "",
    "isAgreeWithPersonalTerms": null,
    "hasDeclinedPersonalAgreement": null,
    "probability": null,
    "productCountries": [],
    "productVarieties": [],
    "productBanner": null,
    "isShowOnTopProduct": false,
    "primaryCategoryNamePath": "Mat.se Göteborg/Hälsa & Träning/Bars"
  },
  {
    "id": 115085,
    "dateCreated": "Tue Feb 18 13:29:33 CET 2020",
    "name": "Protein Milkshake Banana Split",
    "showPrice": "24,50  kr",
    "friendlyUrl": "protein-milkshake-banana-split-barebells-330ml",
    "formattedName": "Protein Milkshake Banana Split",
    "ean": "7340001802917",
    "countryOfOrigin": "AT",
    "translatedCountryName": "Österrike",
    "labelTags": [],
    "hasImage": true,
    "imageUrl": "https://d1hr6nb56yyl1.cloudfront.net/product-images/115085-150.jpg",
    "brand": {
      "id": 3423,
      "name": "Barebells"
    },
    "categories": [
      {
        "id": 9230,
        "name": "Proteintillskott"
      },
      {
        "id": 10262,
        "name": "Milkshake"
      },
      {
        "id": 11478,
        "name": "Proteindryck"
      },
      {
        "id": 9326,
        "name": "Hälsodrycker"
      }
    ],
    "displayBrand": "Barebells",
    "favouriteCount": 165,
    "active": true,
    "inStockQuantity": 10,
    "orderable": true,
    "price": 24.5,
    "priceWithoutVat": 21.875,
    "recommendedRetailPrice": null,
    "readableComparisonPrice": "74,24 kr/l",
    "discount": null,
    "discountedPrice": 0,
    "size": "330ML",
    "weightProduct": false,
    "vat": 12,
    "content": "MJÖLK/MÆLK (64%), vatten/vand, MJÖLK-/MÆLKEPROTEIN, kakao, stabiliseringsmedel/stabilisator (cellulosa, natriumkarboximetylcellulosa, karragenan), kakaosmör, arom, surhetsreglerande medel (natriumfosfat), sötningsmedel/sødestof (acesulfam-K, sukralos), laktas.",
    "nutrition": "Näringsvärde per 100 Milliliter\nenergi 246 Kilojoule\nenergi 59 Kilokalori\nfett 1.5 Gram\nvarav mättat fett 0.7 Gram\nkolhydrat 3.6 Gram\nvarav sockerarter 3.3 Gram\nprotein 7.3 Gram\nsalt 0.1 Gram",
    "durability": null,
    "recycling": null,
    "detail": "Proteinrik milkshake. UHT-behandlad. Innehåller sötningsmedel och naturligt förekommande socker.\n\nSorteras som plastförpackning.\n\nKan förvaras i rumstemperatur. Öppnad förpackning förvaras i kylskåp och bör förtäras inom 24 timmar.",
    "storage": "Kan förvaras i rumstemperatur. Öppnad förpackning förvaras i kylskåp och bör förtäras inom 24 timmar.",
    "combinedNameWithBrand": "Protein Milkshake Banana Split Barebells",
    "averageProductLife": 0,
    "minimumDaysBeforeExpire": 5,
    "averageUnitWeight": 376,
    "weight": 376,
    "isMixable": false,
    "idRequired": 0,
    "tagNames": [
      "no added sugar UTS utan tillsatt socker banana chocolate banan choklad protein",
      "Lactose free"
    ],
    "featured": false,
    "campaignRank": 317,
    "availableQuantities": [
      {
        "quantity": 10,
        "quantityKey": "dw-14436"
      },
      {
        "quantity": 10,
        "quantityKey": "dw-14400"
      },
      {
        "quantity": 10,
        "quantityKey": "dw-14474"
      },
      {
        "quantity": 10,
        "quantityKey": "dw-14398"
      },
      {
        "quantity": 10,
        "quantityKey": "dw-14426"
      },
      {
        "quantity": 10,
        "quantityKey": "dw-14460"
      },
      {
        "quantity": 10,
        "quantityKey": "dw-14406"
      },
      {
        "quantity": 10,
        "quantityKey": "dw-14392"
      },
      {
        "quantity": 10,
        "quantityKey": "dw-14408"
      },
      {
        "quantity": 10,
        "quantityKey": "dw-14452"
      },
      {
        "quantity": 10,
        "quantityKey": "dw-14422"
      },
      {
        "quantity": 10,
        "quantityKey": "dw-14444"
      },
      {
        "quantity": 10,
        "quantityKey": "dw-14414"
      },
      {
        "quantity": 10,
        "quantityKey": "dw-14450"
      },
      {
        "quantity": 10,
        "quantityKey": "dw-14428"
      },
      {
        "quantity": 10,
        "quantityKey": "dw-14480"
      },
      {
        "quantity": 10,
        "quantityKey": "dw-14478"
      },
      {
        "quantity": 10,
        "quantityKey": "dw-14416"
      },
      {
        "quantity": 10,
        "quantityKey": "dw-14434"
      },
      {
        "quantity": 10,
        "quantityKey": "dw-14468"
      },
      {
        "quantity": 10,
        "quantityKey": "dw-14458"
      },
      {
        "quantity": 10,
        "quantityKey": "default"
      },
      {
        "quantity": 10,
        "quantityKey": "dw-14390"
      },
      {
        "quantity": 10,
        "quantityKey": "dw-14442"
      },
      {
        "quantity": 10,
        "quantityKey": "dw-14466"
      }
    ],
    "emission": 0,
    "allergies": [
      {
        "id": 7,
        "infoSource": null,
        "level": {
          "enumType": "se.mat.mycroft.enums.AllergyLevel",
          "name": "CONTAINS"
        },
        "substanceName": "Mjölk"
      }
    ],
    "warehouseProductMappingId": null,
    "productRelationship": {
      "canBeReplacedWithProductIds": [],
      "canBeSubstitutedWithProductIds": [],
      "sameContentProductIds": []
    },
    "soldCount": 679,
    "variety": "",
    "isAgreeWithPersonalTerms": null,
    "hasDeclinedPersonalAgreement": null,
    "probability": null,
    "productCountries": [],
    "productVarieties": [],
    "productBanner": null,
    "isShowOnTopProduct": false,
    "primaryCategoryNamePath": "Mat.se Göteborg/Apoteksvaror/Vitaminer, Hälso- & Kosttillskott/Proteintillskott"
  },
  {
    "id": 118898,
    "dateCreated": "Fri Aug 28 16:38:28 CEST 2020",
    "name": "Protein Bar Chocolate Dough",
    "showPrice": "25,50  kr",
    "friendlyUrl": "protein-bar-chocolate-dough-barebells-55g",
    "formattedName": "Protein Bar Chocolate Dough",
    "ean": "7340001803235",
    "countryOfOrigin": null,
    "translatedCountryName": "",
    "labelTags": [],
    "hasImage": true,
    "imageUrl": "https://d1hr6nb56yyl1.cloudfront.net/product-images/118898-150.jpg",
    "brand": {
      "id": 3423,
      "name": "Barebells"
    },
    "categories": [
      {
        "id": 4336,
        "name": "Bars"
      },
      {
        "id": 11474,
        "name": "Bars"
      }
    ],
    "displayBrand": "Barebells",
    "favouriteCount": 130,
    "active": true,
    "inStockQuantity": 24,
    "orderable": true,
    "price": 25.5,
    "priceWithoutVat": 22.7678571429,
    "recommendedRetailPrice": null,
    "readableComparisonPrice": "463,64 kr/kg",
    "discount": null,
    "discountedPrice": 0,
    "size": "55g",
    "weightProduct": false,
    "vat": 12,
    "content": "MJÖLKPROTEIN, kollagenpeptider, fuktighetsbevarande medel (glycerol), sötningsmedel (maltitol), fiber (polydextros), kakaosmör. MJÖLKPULVER, vatten, SOJAKRISP (SOJAPROTEIN, kakaopulver, tapiokastärkelse), solrosolja, kakaomassa, kakaopulver, surhetsreglerande medel (natriumhydroxid, kaliumkarbonat), arom, emulgeringsmedel (SOJALECITIN), sötningsmedel (sukralos). \nKan innehålla spår av GLUTEN, ÄGG, JORDNÖTTER och NÖTTER.",
    "nutrition": "Näringsvärde per 100 gram\nEnergi 1520/364 kilojoule/kilokalori\nFett 14 gram\nvarav mättat fett 6.8 gram\nKolhydrat 29 gram\nvarav sockerarter 2.5 gram\nFiber 5.3 gram\nProtein 36 gram\nSalt 0.24 gram",
    "durability": null,
    "recycling": null,
    "detail": "Proteinbar med smak av choklad och mjölkchokladöverdrag (21%). Innehåller sötningsmedel. Innehåller naturligt förekommande socker. Utan palmolja.\n\nÖverdriven konsumtion kan ha laxerande effekt. Sorteras som plastförpackning.",
    "storage": "Förvaras i rumstemperatur.",
    "combinedNameWithBrand": "Protein Bar Chocolate Dough Barebells",
    "averageProductLife": 0,
    "minimumDaysBeforeExpire": 31,
    "averageUnitWeight": 0,
    "weight": 56,
    "isMixable": false,
    "idRequired": 0,
    "tagNames": [
      "proteinbar",
      "Sugar",
      "added",
      "tillsatt",
      "utan",
      "Socker",
      "UTS",
      "No"
    ],
    "featured": false,
    "campaignRank": 242,
    "availableQuantities": [
      {
        "quantity": 24,
        "quantityKey": "dw-14426"
      },
      {
        "quantity": 24,
        "quantityKey": "dw-14466"
      },
      {
        "quantity": 24,
        "quantityKey": "dw-14434"
      },
      {
        "quantity": 24,
        "quantityKey": "dw-14436"
      },
      {
        "quantity": 24,
        "quantityKey": "dw-14408"
      },
      {
        "quantity": 24,
        "quantityKey": "dw-14458"
      },
      {
        "quantity": 24,
        "quantityKey": "dw-14422"
      },
      {
        "quantity": 24,
        "quantityKey": "dw-14392"
      },
      {
        "quantity": 24,
        "quantityKey": "dw-14452"
      },
      {
        "quantity": 24,
        "quantityKey": "dw-14444"
      },
      {
        "quantity": 24,
        "quantityKey": "dw-14416"
      },
      {
        "quantity": 24,
        "quantityKey": "dw-14450"
      },
      {
        "quantity": 24,
        "quantityKey": "dw-14442"
      },
      {
        "quantity": 24,
        "quantityKey": "default"
      },
      {
        "quantity": 24,
        "quantityKey": "dw-14414"
      },
      {
        "quantity": 24,
        "quantityKey": "dw-14398"
      },
      {
        "quantity": 24,
        "quantityKey": "dw-14400"
      },
      {
        "quantity": 24,
        "quantityKey": "dw-14406"
      },
      {
        "quantity": 24,
        "quantityKey": "dw-14428"
      },
      {
        "quantity": 24,
        "quantityKey": "dw-14460"
      },
      {
        "quantity": 24,
        "quantityKey": "dw-14390"
      },
      {
        "quantity": 24,
        "quantityKey": "dw-14468"
      },
      {
        "quantity": 24,
        "quantityKey": "dw-14474"
      }
    ],
    "emission": 0,
    "allergies": [
      {
        "id": 3,
        "infoSource": null,
        "level": {
          "enumType": "se.mat.mycroft.enums.AllergyLevel",
          "name": "TRACES"
        },
        "substanceName": "Ägg"
      },
      {
        "id": 6,
        "infoSource": null,
        "level": {
          "enumType": "se.mat.mycroft.enums.AllergyLevel",
          "name": "CONTAINS"
        },
        "substanceName": "Sojabönor"
      },
      {
        "id": 7,
        "infoSource": null,
        "level": {
          "enumType": "se.mat.mycroft.enums.AllergyLevel",
          "name": "CONTAINS"
        },
        "substanceName": "Mjölk"
      },
      {
        "id": 10,
        "infoSource": null,
        "level": {
          "enumType": "se.mat.mycroft.enums.AllergyLevel",
          "name": "TRACES"
        },
        "substanceName": "Nötter"
      },
      {
        "id": 5,
        "infoSource": null,
        "level": {
          "enumType": "se.mat.mycroft.enums.AllergyLevel",
          "name": "TRACES"
        },
        "substanceName": "Jordnötter"
      },
      {
        "id": 1,
        "infoSource": null,
        "level": {
          "enumType": "se.mat.mycroft.enums.AllergyLevel",
          "name": "TRACES"
        },
        "substanceName": "Gluten"
      }
    ],
    "warehouseProductMappingId": null,
    "productRelationship": {
      "canBeReplacedWithProductIds": [],
      "canBeSubstitutedWithProductIds": [],
      "sameContentProductIds": []
    },
    "soldCount": 694,
    "variety": "",
    "isAgreeWithPersonalTerms": null,
    "hasDeclinedPersonalAgreement": null,
    "probability": null,
    "productCountries": [],
    "productVarieties": [],
    "productBanner": null,
    "isShowOnTopProduct": false,
    "primaryCategoryNamePath": "Mat.se Göteborg/Apoteksvaror/Vitaminer, Hälso- & Kosttillskott/Bars"
  },
  {
    "id": 116904,
    "dateCreated": "Tue May 19 11:27:05 CEST 2020",
    "name": "ProPud Milkshake Cookies n'Cream",
    "showPrice": "20,50  kr",
    "friendlyUrl": "propud-milkshake-cookies-ncream-njie-330ml",
    "formattedName": "Propud Milkshake Cookies N'cream",
    "ean": "7350068295249",
    "countryOfOrigin": "DE",
    "translatedCountryName": "Tyskland",
    "labelTags": [
      {
        "id": 15,
        "name": "Särnär fri från laktos",
        "tag": "fri_laktos"
      }
    ],
    "hasImage": true,
    "imageUrl": "https://d1hr6nb56yyl1.cloudfront.net/product-images/116904-150.jpg",
    "brand": {
      "id": 1518,
      "name": "NJIE"
    },
    "categories": [
      {
        "id": 11478,
        "name": "Proteindryck"
      },
      {
        "id": 9326,
        "name": "Hälsodrycker"
      },
      {
        "id": 9230,
        "name": "Proteintillskott"
      },
      {
        "id": 10262,
        "name": "Milkshake"
      }
    ],
    "displayBrand": "NJIE",
    "favouriteCount": 335,
    "active": true,
    "inStockQuantity": 25,
    "orderable": true,
    "price": 20.5,
    "priceWithoutVat": 18.3035714286,
    "recommendedRetailPrice": null,
    "readableComparisonPrice": "62,12 kr/l",
    "discount": null,
    "discountedPrice": 0,
    "size": "330ML",
    "weightProduct": false,
    "vat": 12,
    "content": "MJÖLK/MELK/MÆLK, MJÖLKPROTEIN/MELKEPROTEIN/MÆLKEPROTEIN, fettreducerat kakaopulver (0,4%), stabiliseringsmedel/stabilisator (gellangummi/gellan, cellulosagummi, karragenan), arom, naturlig arom, sötningsmedel/søtstoffer (steviolglykosider från stevia, acesulfam K), laktasenzym. UHT-behandlad. Innehåller naturligt förekommande socker/Med et naturlig innhold av sukker.",
    "nutrition": "Näringsvärde per 100 Milliliter\nenergi 243 Kilojoule\nenergi 58 Kilokalori\nfett 1.5 Gram\nvarav mättat fett 0.9 Gram\nkolhydrat 4.9 Gram\nvarav sockerarter 4.9 Gram\nprotein 6.1 Gram\nsalt 0.1 Gram",
    "durability": null,
    "recycling": null,
    "detail": "NJIE ProPud Proteinmilkshake Cookies n'Cream - en krämig och len milkshake med smak av kakor och grädde. Utan tillsatt socker, laktosfri och med 20 g protein per flaska.\n\nOmskakas före användning. Serveras kyld.\n\nOöppnad förpackning kan förvaras i rumstemperatur. Öppnad förpackning förvaras i kyl och bör konsumeras inom 24 timmar.",
    "storage": "Oöppnad förpackning kan förvaras i rumstemperatur. Öppnad förpackning förvaras i kyl och bör konsumeras inom 24 timmar.",
    "combinedNameWithBrand": "Propud Milkshake Cookies N'cream Njie",
    "averageProductLife": 233.3,
    "minimumDaysBeforeExpire": 5,
    "averageUnitWeight": 370,
    "weight": 370,
    "isMixable": false,
    "idRequired": 0,
    "tagNames": [],
    "featured": false,
    "campaignRank": 83,
    "availableQuantities": [
      {
        "quantity": 25,
        "quantityKey": "dw-14392"
      },
      {
        "quantity": 25,
        "quantityKey": "dw-14406"
      },
      {
        "quantity": 25,
        "quantityKey": "dw-14442"
      },
      {
        "quantity": 25,
        "quantityKey": "dw-14428"
      },
      {
        "quantity": 25,
        "quantityKey": "dw-14474"
      },
      {
        "quantity": 25,
        "quantityKey": "dw-14398"
      },
      {
        "quantity": 25,
        "quantityKey": "dw-14468"
      },
      {
        "quantity": 25,
        "quantityKey": "dw-14450"
      },
      {
        "quantity": 25,
        "quantityKey": "dw-14460"
      },
      {
        "quantity": 25,
        "quantityKey": "dw-14426"
      },
      {
        "quantity": 25,
        "quantityKey": "dw-14452"
      },
      {
        "quantity": 25,
        "quantityKey": "dw-14400"
      },
      {
        "quantity": 25,
        "quantityKey": "dw-14434"
      },
      {
        "quantity": 25,
        "quantityKey": "dw-14390"
      },
      {
        "quantity": 25,
        "quantityKey": "dw-14480"
      },
      {
        "quantity": 25,
        "quantityKey": "default"
      },
      {
        "quantity": 25,
        "quantityKey": "dw-14416"
      },
      {
        "quantity": 25,
        "quantityKey": "dw-14408"
      },
      {
        "quantity": 25,
        "quantityKey": "dw-14422"
      },
      {
        "quantity": 25,
        "quantityKey": "dw-14414"
      },
      {
        "quantity": 25,
        "quantityKey": "dw-14444"
      },
      {
        "quantity": 25,
        "quantityKey": "dw-14478"
      },
      {
        "quantity": 25,
        "quantityKey": "dw-14466"
      },
      {
        "quantity": 25,
        "quantityKey": "dw-14436"
      },
      {
        "quantity": 25,
        "quantityKey": "dw-14458"
      }
    ],
    "emission": 0,
    "allergies": [
      {
        "id": 7,
        "infoSource": null,
        "level": {
          "enumType": "se.mat.mycroft.enums.AllergyLevel",
          "name": "CONTAINS"
        },
        "substanceName": "Mjölk"
      }
    ],
    "warehouseProductMappingId": null,
    "productRelationship": {
      "canBeReplacedWithProductIds": [],
      "canBeSubstitutedWithProductIds": [],
      "sameContentProductIds": []
    },
    "soldCount": 1653,
    "variety": "",
    "isAgreeWithPersonalTerms": null,
    "hasDeclinedPersonalAgreement": null,
    "probability": null,
    "productCountries": [],
    "productVarieties": [],
    "productBanner": null,
    "isShowOnTopProduct": false,
    "primaryCategoryNamePath": "Mat.se Göteborg/Hälsa & Träning/Proteindryck"
  },
  {
    "id": 104971,
    "dateCreated": "Tue Jun 04 10:35:06 CEST 2019",
    "name": "Milkshake Creamy Pear Protein",
    "showPrice": "24,50  kr",
    "friendlyUrl": "milkshake-creamy-pear-protein-barebells-330ml",
    "formattedName": "Milkshake Creamy Pear Protein",
    "ean": "7340001802672",
    "countryOfOrigin": "AT",
    "translatedCountryName": "Österrike",
    "labelTags": [
      {
        "id": 14,
        "name": "Särnär fri från gluten",
        "tag": "fri_gluten"
      },
      {
        "id": 15,
        "name": "Särnär fri från laktos",
        "tag": "fri_laktos"
      }
    ],
    "hasImage": true,
    "imageUrl": "https://d1hr6nb56yyl1.cloudfront.net/product-images/104971-150.jpg",
    "brand": {
      "id": 3423,
      "name": "Barebells"
    },
    "categories": [
      {
        "id": 11478,
        "name": "Proteindryck"
      },
      {
        "id": 10262,
        "name": "Milkshake"
      },
      {
        "id": 9230,
        "name": "Proteintillskott"
      }
    ],
    "displayBrand": "Barebells",
    "favouriteCount": 231,
    "active": true,
    "inStockQuantity": 13,
    "orderable": true,
    "price": 24.5,
    "priceWithoutVat": 21.875,
    "recommendedRetailPrice": null,
    "readableComparisonPrice": "74,24 kr/l",
    "discount": null,
    "discountedPrice": 0,
    "size": "330ML",
    "weightProduct": false,
    "vat": 12,
    "content": "MJÖLK/MÆLK, vatten/vand, MJÖLK-/MÆLKEPROTEIN, stabiliseringsmedel/ stabilisator (cellullosa, karboximetylcellulosa, karragenan), kakaosmör, arom, sötningsmedel/sødestof (acesulfam-K, sukralos), färgämne (karotener), laktas.",
    "nutrition": "Näringsvärde per 100 Milliliter\nenergi 241 Kilojoule\nenergi 57 Kilokalori\nfett 1.4 Gram\nvarav mättat fett 0.9 Gram\nkolhydrat 3.6 Gram\nvarav sockerarter 3.4 Gram\nprotein 7.2 Gram\nsalt 0.21 Gram",
    "durability": null,
    "recycling": null,
    "detail": "Proteinrik milkshake. UHT-behandlad. Innehåller sötningsmedel och naturligt förekommande socker.\n\nSorteras som plastförpackning.\n\nKan förvaras i rumstemperatur. Öppnad förpackning förvaras i kylskåp och bör förtäras inom 24 timmar.",
    "storage": "Kan förvaras i rumstemperatur. Öppnad förpackning förvaras i kylskåp och bör förtäras inom 24 timmar.",
    "combinedNameWithBrand": "Milkshake Creamy Pear Protein Barebells",
    "averageProductLife": 0,
    "minimumDaysBeforeExpire": 5,
    "averageUnitWeight": 376,
    "weight": 376,
    "isMixable": false,
    "idRequired": 0,
    "tagNames": [
      "Protein",
      "2019",
      "FREE",
      "UTS",
      "utan",
      "Päron",
      "creamy",
      "tillsatt",
      "lactose",
      "Socker",
      "Laktosfri",
      "sommar",
      "summer",
      "pear"
    ],
    "featured": false,
    "campaignRank": 109,
    "availableQuantities": [
      {
        "quantity": 13,
        "quantityKey": "dw-14474"
      },
      {
        "quantity": 13,
        "quantityKey": "dw-14408"
      },
      {
        "quantity": 13,
        "quantityKey": "dw-14436"
      },
      {
        "quantity": 13,
        "quantityKey": "dw-14398"
      },
      {
        "quantity": 13,
        "quantityKey": "dw-14406"
      },
      {
        "quantity": 13,
        "quantityKey": "dw-14416"
      },
      {
        "quantity": 13,
        "quantityKey": "dw-14400"
      },
      {
        "quantity": 13,
        "quantityKey": "dw-14390"
      },
      {
        "quantity": 13,
        "quantityKey": "dw-14426"
      },
      {
        "quantity": 13,
        "quantityKey": "dw-14450"
      },
      {
        "quantity": 13,
        "quantityKey": "dw-14468"
      },
      {
        "quantity": 13,
        "quantityKey": "dw-14422"
      },
      {
        "quantity": 13,
        "quantityKey": "dw-14442"
      },
      {
        "quantity": 13,
        "quantityKey": "dw-14466"
      },
      {
        "quantity": 13,
        "quantityKey": "dw-14392"
      },
      {
        "quantity": 13,
        "quantityKey": "dw-14414"
      },
      {
        "quantity": 13,
        "quantityKey": "dw-14452"
      },
      {
        "quantity": 13,
        "quantityKey": "dw-14460"
      },
      {
        "quantity": 13,
        "quantityKey": "dw-14434"
      },
      {
        "quantity": 13,
        "quantityKey": "dw-14458"
      },
      {
        "quantity": 13,
        "quantityKey": "dw-14428"
      },
      {
        "quantity": 13,
        "quantityKey": "dw-14444"
      },
      {
        "quantity": 13,
        "quantityKey": "default"
      }
    ],
    "emission": 0,
    "allergies": [
      {
        "id": 7,
        "infoSource": null,
        "level": {
          "enumType": "se.mat.mycroft.enums.AllergyLevel",
          "name": "CONTAINS"
        },
        "substanceName": "Mjölk"
      }
    ],
    "warehouseProductMappingId": null,
    "productRelationship": {
      "canBeReplacedWithProductIds": [],
      "canBeSubstitutedWithProductIds": [],
      "sameContentProductIds": []
    },
    "soldCount": 1130,
    "variety": "",
    "isAgreeWithPersonalTerms": null,
    "hasDeclinedPersonalAgreement": null,
    "probability": null,
    "productCountries": [],
    "productVarieties": [],
    "productBanner": null,
    "isShowOnTopProduct": false,
    "primaryCategoryNamePath": "Mat.se Göteborg/Hälsa & Träning/Proteindryck"
  },
  {
    "id": 122640,
    "dateCreated": "Thu Feb 18 11:05:57 CET 2021",
    "name": "Chocolate wafer",
    "showPrice": "16,50  kr",
    "friendlyUrl": "chocolate-wafer-nicks-40g",
    "formattedName": "Chocolate Wafer",
    "ean": "7350104401016",
    "countryOfOrigin": "BG",
    "translatedCountryName": "Bulgarien",
    "labelTags": [
      {
        "id": 14,
        "name": "Särnär fri från gluten",
        "tag": "fri_gluten"
      }
    ],
    "hasImage": true,
    "imageUrl": "https://d1hr6nb56yyl1.cloudfront.net/product-images/122640-150.jpg",
    "brand": {
      "id": 4667,
      "name": "nicks"
    },
    "categories": [
      {
        "id": 4336,
        "name": "Bars"
      },
      {
        "id": 11474,
        "name": "Bars"
      }
    ],
    "displayBrand": "nicks",
    "favouriteCount": 83,
    "active": true,
    "inStockQuantity": 62,
    "orderable": true,
    "price": 16.5,
    "priceWithoutVat": 14.7321428571,
    "recommendedRetailPrice": null,
    "readableComparisonPrice": "412,50 kr/kg",
    "discount": null,
    "discountedPrice": 0,
    "size": "40g",
    "weightProduct": false,
    "vat": 12,
    "content": "MJÖLK/MÆLKEPULVER vegetabilisk olja (shea, kokos), sötningsmedel: erytritol, kakaosmör, mjöl/mel mix (majs, potatis), polydextros (fiber), cikoriarotfiber, kakaomassa, VASSLE/MYSE/VALLEpulver, kakaopulver, SOJAMJÖL, vegetabilisk olja (solros/solsikke), naturlig arom, emulgeringsmedel (solros/solsikkelecitin, SOJALECITIN), salt, bakpulver: natriumbikarbonat, sötningsmedel: steviolglykosider. Kan innehålla spår av NÖTTER och JORDNÖTTER/PEANØTTER.",
    "nutrition": "Näringsvärde per 100 gram\nEnergi 1918/458 kilojoule/kilokalori\nFett 35.2 gram\nvarav mättat fett 20.7 gram\nKolhydrat 36.4 gram\nvarav sockerarter 12.4 gram\nvarav polyoler 15.8 gram\nFiber 14.3 gram\nProtein 9.2 gram\nSalt 0.06 gram",
    "durability": null,
    "recycling": null,
    "detail": "Krispig kexbar doppad i mjölkchoklad. Passande för lågkolhydratskost, keto, diabetes, glutenintolerans men främst för alla som vill njuta och må bra på samma gång. No added sugar, no palm oil, no gluten, just joy.\n\nUtan tillsatt socker",
    "storage": "Torrt och svalt (rumstemperatur)",
    "combinedNameWithBrand": "Chocolate Wafer Nicks",
    "averageProductLife": 0,
    "minimumDaysBeforeExpire": 31,
    "averageUnitWeight": 0,
    "weight": 41,
    "isMixable": false,
    "idRequired": 0,
    "tagNames": [],
    "featured": false,
    "campaignRank": 254,
    "availableQuantities": [
      {
        "quantity": 62,
        "quantityKey": "dw-14398"
      },
      {
        "quantity": 62,
        "quantityKey": "dw-14468"
      },
      {
        "quantity": 62,
        "quantityKey": "dw-14474"
      },
      {
        "quantity": 62,
        "quantityKey": "dw-14390"
      },
      {
        "quantity": 62,
        "quantityKey": "dw-14406"
      },
      {
        "quantity": 62,
        "quantityKey": "dw-14458"
      },
      {
        "quantity": 62,
        "quantityKey": "dw-14400"
      },
      {
        "quantity": 62,
        "quantityKey": "dw-14408"
      },
      {
        "quantity": 62,
        "quantityKey": "dw-14414"
      },
      {
        "quantity": 62,
        "quantityKey": "dw-14460"
      },
      {
        "quantity": 62,
        "quantityKey": "dw-14450"
      },
      {
        "quantity": 62,
        "quantityKey": "dw-14452"
      },
      {
        "quantity": 62,
        "quantityKey": "dw-14444"
      },
      {
        "quantity": 62,
        "quantityKey": "dw-14392"
      },
      {
        "quantity": 62,
        "quantityKey": "dw-14426"
      },
      {
        "quantity": 62,
        "quantityKey": "dw-14434"
      },
      {
        "quantity": 62,
        "quantityKey": "dw-14442"
      },
      {
        "quantity": 62,
        "quantityKey": "dw-14466"
      },
      {
        "quantity": 62,
        "quantityKey": "dw-14428"
      },
      {
        "quantity": 62,
        "quantityKey": "dw-14422"
      },
      {
        "quantity": 62,
        "quantityKey": "dw-14416"
      },
      {
        "quantity": 62,
        "quantityKey": "dw-14436"
      },
      {
        "quantity": 62,
        "quantityKey": "default"
      }
    ],
    "emission": 0,
    "allergies": [
      {
        "id": 5,
        "infoSource": null,
        "level": {
          "enumType": "se.mat.mycroft.enums.AllergyLevel",
          "name": "TRACES"
        },
        "substanceName": "Jordnötter"
      },
      {
        "id": 7,
        "infoSource": null,
        "level": {
          "enumType": "se.mat.mycroft.enums.AllergyLevel",
          "name": "CONTAINS"
        },
        "substanceName": "Mjölk"
      },
      {
        "id": 6,
        "infoSource": null,
        "level": {
          "enumType": "se.mat.mycroft.enums.AllergyLevel",
          "name": "CONTAINS"
        },
        "substanceName": "Sojabönor"
      },
      {
        "id": 10,
        "infoSource": null,
        "level": {
          "enumType": "se.mat.mycroft.enums.AllergyLevel",
          "name": "TRACES"
        },
        "substanceName": "Nötter"
      }
    ],
    "warehouseProductMappingId": null,
    "productRelationship": {
      "canBeReplacedWithProductIds": [],
      "canBeSubstitutedWithProductIds": [],
      "sameContentProductIds": []
    },
    "soldCount": 498,
    "variety": "",
    "isAgreeWithPersonalTerms": null,
    "hasDeclinedPersonalAgreement": null,
    "probability": null,
    "productCountries": [],
    "productVarieties": [],
    "productBanner": null,
    "isShowOnTopProduct": false,
    "primaryCategoryNamePath": "Mat.se Göteborg/Apoteksvaror/Vitaminer, Hälso- & Kosttillskott/Bars"
  },
  {
    "id": 116035,
    "dateCreated": "Mon Apr 06 10:44:48 CEST 2020",
    "name": "Salty Peanut Vegan Bar",
    "showPrice": "25,50  kr",
    "friendlyUrl": "salty-peanut-vegan-bar-barebells-55g",
    "formattedName": "Salty Peanut Vegan Bar",
    "ean": "7340001803471",
    "countryOfOrigin": "EU",
    "translatedCountryName": "EU",
    "labelTags": [],
    "hasImage": true,
    "imageUrl": "https://d1hr6nb56yyl1.cloudfront.net/product-images/116035-150.jpg",
    "brand": {
      "id": 3423,
      "name": "Barebells"
    },
    "categories": [
      {
        "id": 4336,
        "name": "Bars"
      },
      {
        "id": 11474,
        "name": "Bars"
      }
    ],
    "displayBrand": "Barebells",
    "favouriteCount": 224,
    "active": true,
    "inStockQuantity": 12,
    "orderable": true,
    "price": 25.5,
    "priceWithoutVat": 22.7678571429,
    "recommendedRetailPrice": null,
    "readableComparisonPrice": "463,64 kr/kg",
    "discount": null,
    "discountedPrice": 0,
    "size": "55G",
    "weightProduct": false,
    "vat": 12,
    "content": "Protein (SOJA, ärta, ris), fuktighetsbevarande medel (vegetabilisk glycerol), fiber (polydextros, oligofruktos), sötningsmedel (maltitol, sukralos), kakaosmör, kakaomassa, JORDNÖTTER, SOJAKRISP (SOJAPROTEIN, kakaopulver, tapiokastärkelse), solrosolja, JORDNÖTSSMÖR (JORDNÖTTER; JORDNÖTSOLJA), rismjöl, kakaopulver, arom, salt, emulgeringsmedel (SOJALECITIN). Kan innehålla spår av GLUTEN, MJÖLK, ÄGG och NÖTTER",
    "nutrition": "Näringsvärde per 100 Gram\nenergi 1628 Kilojoule\nenergi 391 Kilokalori\nfett 19 Gram\nvarav mättat fett 8.1 Gram\nkolhydrat 35 Gram\nvarav sockerarter 1.6 Gram\nfiber 12 Gram\nprotein 27 Gram\nsalt 0.87 Gram",
    "durability": null,
    "recycling": null,
    "detail": "Vegansk proteinbar med salta jordnötter (5 %) och kakaoöverdrag. Innehåller sötningsmedel.\nInnehåller naturligt förekommande socker. Utan palmolja.\n\nÖverdriven konsumtion kan ha laxerande effekt. Sorteras som plastförpackning.\n\nFörvaras i rumstemperatur.",
    "storage": "Förvaras i rumstemperatur.",
    "combinedNameWithBrand": "Salty Peanut Vegan Bar Barebells",
    "averageProductLife": 0,
    "minimumDaysBeforeExpire": 31,
    "averageUnitWeight": 56,
    "weight": 56,
    "isMixable": false,
    "idRequired": 0,
    "tagNames": [
      "peanut",
      "tillsatt",
      "barebells",
      "Jordnöt",
      "utan",
      "Jordnötter",
      "vegan",
      "UTS",
      "Socker",
      "salty",
      "Protein",
      "bar"
    ],
    "featured": false,
    "campaignRank": 243,
    "availableQuantities": [
      {
        "quantity": 12,
        "quantityKey": "dw-14416"
      },
      {
        "quantity": 12,
        "quantityKey": "dw-14444"
      },
      {
        "quantity": 12,
        "quantityKey": "dw-14480"
      },
      {
        "quantity": 12,
        "quantityKey": "dw-14426"
      },
      {
        "quantity": 12,
        "quantityKey": "dw-14452"
      },
      {
        "quantity": 12,
        "quantityKey": "dw-14442"
      },
      {
        "quantity": 12,
        "quantityKey": "dw-14466"
      },
      {
        "quantity": 12,
        "quantityKey": "dw-14450"
      },
      {
        "quantity": 12,
        "quantityKey": "dw-14436"
      },
      {
        "quantity": 12,
        "quantityKey": "dw-14428"
      },
      {
        "quantity": 12,
        "quantityKey": "dw-14468"
      },
      {
        "quantity": 12,
        "quantityKey": "dw-14408"
      },
      {
        "quantity": 12,
        "quantityKey": "dw-14434"
      },
      {
        "quantity": 12,
        "quantityKey": "dw-14422"
      },
      {
        "quantity": 12,
        "quantityKey": "dw-14474"
      },
      {
        "quantity": 12,
        "quantityKey": "dw-14406"
      },
      {
        "quantity": 12,
        "quantityKey": "dw-14400"
      },
      {
        "quantity": 12,
        "quantityKey": "dw-14458"
      },
      {
        "quantity": 12,
        "quantityKey": "dw-14414"
      },
      {
        "quantity": 12,
        "quantityKey": "default"
      },
      {
        "quantity": 12,
        "quantityKey": "dw-14460"
      },
      {
        "quantity": 12,
        "quantityKey": "dw-14478"
      }
    ],
    "emission": 0,
    "allergies": [
      {
        "id": 10,
        "infoSource": null,
        "level": {
          "enumType": "se.mat.mycroft.enums.AllergyLevel",
          "name": "TRACES"
        },
        "substanceName": "Nötter"
      },
      {
        "id": 5,
        "infoSource": null,
        "level": {
          "enumType": "se.mat.mycroft.enums.AllergyLevel",
          "name": "CONTAINS"
        },
        "substanceName": "Jordnötter"
      },
      {
        "id": 1,
        "infoSource": null,
        "level": {
          "enumType": "se.mat.mycroft.enums.AllergyLevel",
          "name": "TRACES"
        },
        "substanceName": "Gluten"
      },
      {
        "id": 7,
        "infoSource": null,
        "level": {
          "enumType": "se.mat.mycroft.enums.AllergyLevel",
          "name": "TRACES"
        },
        "substanceName": "Mjölk"
      },
      {
        "id": 6,
        "infoSource": null,
        "level": {
          "enumType": "se.mat.mycroft.enums.AllergyLevel",
          "name": "CONTAINS"
        },
        "substanceName": "Sojabönor"
      },
      {
        "id": 3,
        "infoSource": null,
        "level": {
          "enumType": "se.mat.mycroft.enums.AllergyLevel",
          "name": "TRACES"
        },
        "substanceName": "Ägg"
      }
    ],
    "warehouseProductMappingId": null,
    "productRelationship": {
      "canBeReplacedWithProductIds": [],
      "canBeSubstitutedWithProductIds": [],
      "sameContentProductIds": []
    },
    "soldCount": 1271,
    "variety": "",
    "isAgreeWithPersonalTerms": null,
    "hasDeclinedPersonalAgreement": null,
    "probability": null,
    "productCountries": [],
    "productVarieties": [],
    "productBanner": null,
    "isShowOnTopProduct": false,
    "primaryCategoryNamePath": "Mat.se Göteborg/Apoteksvaror/Vitaminer, Hälso- & Kosttillskott/Bars"
  },
  {
    "id": 93860,
    "dateCreated": "Fri Oct 20 13:36:38 CEST 2017",
    "name": "Milkshake Vanilla",
    "showPrice": "24,50  kr",
    "friendlyUrl": "protein-milkshake-vanilla-barebells-330-ml",
    "formattedName": "Milkshake Vanilla",
    "ean": "7340001800906",
    "countryOfOrigin": "AT",
    "translatedCountryName": "Österrike",
    "labelTags": [
      {
        "id": 15,
        "name": "Särnär fri från laktos",
        "tag": "fri_laktos"
      }
    ],
    "hasImage": true,
    "imageUrl": "https://d1hr6nb56yyl1.cloudfront.net/product-images/93860-150.jpg",
    "brand": {
      "id": 3423,
      "name": "Barebells"
    },
    "categories": [
      {
        "id": 9230,
        "name": "Proteintillskott"
      },
      {
        "id": 11478,
        "name": "Proteindryck"
      },
      {
        "id": 9326,
        "name": "Hälsodrycker"
      }
    ],
    "displayBrand": "Barebells",
    "favouriteCount": 239,
    "active": true,
    "inStockQuantity": 16,
    "orderable": true,
    "price": 24.5,
    "priceWithoutVat": 21.875,
    "recommendedRetailPrice": null,
    "readableComparisonPrice": "74,24 kr/l",
    "discount": null,
    "discountedPrice": 0,
    "size": "330ML",
    "weightProduct": false,
    "vat": 12,
    "content": "MJÖLK/MÆLK, vatten/vand, MJÖLK/MÆLKEPROTEIN, kakaosmör, arom (vanilj/vanilje), stabiliseringsmedel/stabilisator (cellulosa, karboximetylcellulosa, karragenan), sötningsmedel/sødestof (acesulfam-K, sukralos), färgämne/fargestoff (karoten), laktas.",
    "nutrition": "Näringsvärde per 100 Milliliter\nenergi 235 Kilojoule\nenergi 56 Kilokalori\nfett 1.4 Gram\nvarav mättat fett 0.9 Gram\nkolhydrat 3.5 Gram\nvarav sockerarter 3.5 Gram\nprotein 7.3 Gram\nsalt 0.22 Gram",
    "durability": null,
    "recycling": null,
    "detail": "Proteinrik milkshake med smak av vanilj. Innehåller sötningsmedel.\n\nSorteras som plastförpackning.\n\nKan förvaras i rumstemperatur. Öppnad förpackning förvaras i kylskåp och bör förtäras inom 24 timmar.",
    "storage": "Kan förvaras i rumstemperatur. Öppnad förpackning förvaras i kylskåp och bör förtäras inom 24 timmar.",
    "combinedNameWithBrand": "Milkshake Vanilla Barebells",
    "averageProductLife": 0,
    "minimumDaysBeforeExpire": 5,
    "averageUnitWeight": 363,
    "weight": 363,
    "isMixable": false,
    "idRequired": 0,
    "tagNames": [],
    "featured": false,
    "campaignRank": 108,
    "availableQuantities": [
      {
        "quantity": 16,
        "quantityKey": "dw-14450"
      },
      {
        "quantity": 16,
        "quantityKey": "dw-14480"
      },
      {
        "quantity": 16,
        "quantityKey": "dw-14414"
      },
      {
        "quantity": 16,
        "quantityKey": "dw-14466"
      },
      {
        "quantity": 16,
        "quantityKey": "dw-14400"
      },
      {
        "quantity": 16,
        "quantityKey": "dw-14458"
      },
      {
        "quantity": 16,
        "quantityKey": "dw-14434"
      },
      {
        "quantity": 16,
        "quantityKey": "dw-14444"
      },
      {
        "quantity": 16,
        "quantityKey": "dw-14452"
      },
      {
        "quantity": 16,
        "quantityKey": "dw-14426"
      },
      {
        "quantity": 16,
        "quantityKey": "dw-14468"
      },
      {
        "quantity": 16,
        "quantityKey": "dw-14460"
      },
      {
        "quantity": 16,
        "quantityKey": "dw-14474"
      },
      {
        "quantity": 16,
        "quantityKey": "dw-14478"
      },
      {
        "quantity": 16,
        "quantityKey": "dw-14442"
      },
      {
        "quantity": 10,
        "quantityKey": "dw-14398"
      },
      {
        "quantity": 16,
        "quantityKey": "dw-14436"
      },
      {
        "quantity": 10,
        "quantityKey": "dw-14390"
      },
      {
        "quantity": 16,
        "quantityKey": "dw-14408"
      },
      {
        "quantity": 16,
        "quantityKey": "dw-14416"
      },
      {
        "quantity": 16,
        "quantityKey": "default"
      },
      {
        "quantity": 16,
        "quantityKey": "dw-14406"
      },
      {
        "quantity": 10,
        "quantityKey": "dw-14392"
      },
      {
        "quantity": 16,
        "quantityKey": "dw-14428"
      },
      {
        "quantity": 16,
        "quantityKey": "dw-14422"
      }
    ],
    "emission": 0,
    "allergies": [
      {
        "id": 7,
        "infoSource": null,
        "level": {
          "enumType": "se.mat.mycroft.enums.AllergyLevel",
          "name": "CONTAINS"
        },
        "substanceName": "Mjölk"
      }
    ],
    "warehouseProductMappingId": null,
    "productRelationship": {
      "canBeReplacedWithProductIds": [],
      "canBeSubstitutedWithProductIds": [],
      "sameContentProductIds": []
    },
    "soldCount": 1617,
    "variety": "",
    "isAgreeWithPersonalTerms": null,
    "hasDeclinedPersonalAgreement": null,
    "probability": null,
    "productCountries": [],
    "productVarieties": [],
    "productBanner": null,
    "isShowOnTopProduct": false,
    "primaryCategoryNamePath": "Mat.se Göteborg/Apoteksvaror/Vitaminer, Hälso- & Kosttillskott/Proteintillskott"
  },
  {
    "id": 88205,
    "dateCreated": "Wed Feb 15 20:27:15 CET 2017",
    "name": "Propud Vanilla Laktosfri Milkshake",
    "showPrice": "<span class='color-red'> 15,38  kr </span>\n                       <br class=\"mobileNone\"/>\n                        <span class='priceWithoutDiscount'>20,50  kr</span>",
    "friendlyUrl": "propud-proteinmilkshake-vanilla-njie-330-ml",
    "formattedName": "Propud Vanilla Laktosfri Milkshake",
    "ean": "7350068291241",
    "countryOfOrigin": "AT",
    "translatedCountryName": "Österrike",
    "labelTags": [
      {
        "id": 15,
        "name": "Särnär fri från laktos",
        "tag": "fri_laktos"
      }
    ],
    "hasImage": true,
    "imageUrl": "https://d1hr6nb56yyl1.cloudfront.net/product-images/88205-150.jpg",
    "brand": {
      "id": 1518,
      "name": "NJIE"
    },
    "categories": [
      {
        "id": 9230,
        "name": "Proteintillskott"
      },
      {
        "id": 11478,
        "name": "Proteindryck"
      },
      {
        "id": 10262,
        "name": "Milkshake"
      }
    ],
    "displayBrand": "NJIE",
    "favouriteCount": 678,
    "active": true,
    "inStockQuantity": 13,
    "orderable": false,
    "price": 20.5,
    "priceWithoutVat": 18.3035714286,
    "recommendedRetailPrice": null,
    "readableComparisonPrice": "46,59 kr/l",
    "discount": {
      "id": 55886,
      "discountInPercent": 25,
      "discountInAmount": 0,
      "discountInNumberOfProducts": 0,
      "multibuyPrice": 0,
      "fixedPrice": 0,
      "afterNumberOfProducts": 0,
      "discountType": "PERCENT",
      "discountCategory": "OFFER",
      "maxPerOrder": 0,
      "startDateInMillis": 1653429600000000,
      "stopDateInMillis": 1654120799000000
    },
    "discountedPrice": 15.375,
    "size": "330ML",
    "weightProduct": false,
    "vat": 12,
    "content": "MJÖLK/MELK/MÆLK, MJÖLKPROTEIN/MELKEPROTEIN/MÆLKEPROTEIN, stabiliseringsmedel/stabilisator (gellangummi/gellan, cellulosagummi, karragenan), arom, sötningsmedel/søtstoffer (steviolglykosider från stevia, acesulfam K), laktasenzym. UHT-behandlad. Innehåller naturligt förekommande socker/Med et naturlig innhold av sukker.",
    "nutrition": "Näringsvärde per 100 Milliliter\nenergi 243 Kilojoule\nenergi 58 Kilokalori\nfett 1.5 Gram\nvarav mättat fett 0.9 Gram\nkolhydrat 4.9 Gram\nvarav sockerarter 4.9 Gram\nprotein 6.1 Gram\nsalt 0.1 Gram",
    "durability": null,
    "recycling": null,
    "detail": "Omskakas före användning. Serveras kyld.\n\nOöppnad förpackning kan förvaras i rumstemperatur. Öppnad förpackning förvaras i kyl och bör konsumeras inom 24 timmar.",
    "storage": "Oöppnad förpackning kan förvaras i rumstemperatur. Öppnad förpackning förvaras i kyl och bör konsumeras inom 24 timmar.",
    "combinedNameWithBrand": "Propud Vanilla Laktosfri Milkshake Njie",
    "averageProductLife": 239.5,
    "minimumDaysBeforeExpire": 5,
    "averageUnitWeight": 370,
    "weight": 370,
    "isMixable": false,
    "idRequired": 0,
    "tagNames": [
      "shake",
      "milk",
      "proteinmilkshake",
      "proteinshake",
      "milkshake",
      "Protein",
      "hälsa",
      "träning"
    ],
    "featured": false,
    "campaignRank": 87,
    "availableQuantities": [
      {
        "quantity": 13,
        "quantityKey": "dw-14468"
      },
      {
        "quantity": 13,
        "quantityKey": "dw-14474"
      },
      {
        "quantity": 13,
        "quantityKey": "dw-14414"
      },
      {
        "quantity": 13,
        "quantityKey": "dw-14444"
      },
      {
        "quantity": 13,
        "quantityKey": "dw-14436"
      },
      {
        "quantity": 13,
        "quantityKey": "dw-14408"
      },
      {
        "quantity": 13,
        "quantityKey": "default"
      },
      {
        "quantity": 13,
        "quantityKey": "dw-14458"
      },
      {
        "quantity": 13,
        "quantityKey": "dw-14422"
      },
      {
        "quantity": 13,
        "quantityKey": "dw-14426"
      },
      {
        "quantity": 13,
        "quantityKey": "dw-14452"
      },
      {
        "quantity": 13,
        "quantityKey": "dw-14416"
      },
      {
        "quantity": 13,
        "quantityKey": "dw-14428"
      },
      {
        "quantity": 13,
        "quantityKey": "dw-14466"
      },
      {
        "quantity": 13,
        "quantityKey": "dw-14450"
      },
      {
        "quantity": 13,
        "quantityKey": "dw-14480"
      },
      {
        "quantity": 13,
        "quantityKey": "dw-14460"
      },
      {
        "quantity": 13,
        "quantityKey": "dw-14442"
      },
      {
        "quantity": 13,
        "quantityKey": "dw-14478"
      },
      {
        "quantity": 13,
        "quantityKey": "dw-14434"
      }
    ],
    "emission": 0,
    "allergies": [
      {
        "id": 7,
        "infoSource": null,
        "level": {
          "enumType": "se.mat.mycroft.enums.AllergyLevel",
          "name": "CONTAINS"
        },
        "substanceName": "Mjölk"
      }
    ],
    "warehouseProductMappingId": null,
    "productRelationship": {
      "canBeReplacedWithProductIds": [],
      "canBeSubstitutedWithProductIds": [],
      "sameContentProductIds": []
    },
    "soldCount": 5744,
    "variety": "",
    "isAgreeWithPersonalTerms": null,
    "hasDeclinedPersonalAgreement": null,
    "probability": null,
    "productCountries": [],
    "productVarieties": [],
    "productBanner": null,
    "isShowOnTopProduct": false,
    "primaryCategoryNamePath": "Mat.se Göteborg/Apoteksvaror/Vitaminer, Hälso- & Kosttillskott/Proteintillskott"
  },
  {
    "id": 96940,
    "dateCreated": "Wed Apr 04 14:44:37 CEST 2018",
    "name": "White Chocolate Almond Protein Bar",
    "showPrice": "25,50  kr",
    "friendlyUrl": "protein-bar-white-chocolate-almond-barebells-55g",
    "formattedName": "White Chocolate Almond Protein Bar",
    "ean": "7340001801071",
    "countryOfOrigin": "EU",
    "translatedCountryName": "EU",
    "labelTags": [],
    "hasImage": true,
    "imageUrl": "https://d1hr6nb56yyl1.cloudfront.net/product-images/96940-150.jpg",
    "brand": {
      "id": 3423,
      "name": "Barebells"
    },
    "categories": [
      {
        "id": 4336,
        "name": "Bars"
      },
      {
        "id": 9230,
        "name": "Proteintillskott"
      },
      {
        "id": 11474,
        "name": "Bars"
      }
    ],
    "displayBrand": "Barebells",
    "favouriteCount": 482,
    "active": true,
    "inStockQuantity": 5,
    "orderable": true,
    "price": 25.5,
    "priceWithoutVat": 22.7678571429,
    "recommendedRetailPrice": null,
    "readableComparisonPrice": "463,64 kr/kg",
    "discount": null,
    "discountedPrice": 0,
    "size": "55G",
    "weightProduct": false,
    "vat": 12,
    "content": "MJÖLKPROTEIN, vit choklad (sötningsmedel (maltitol), kakaosmör, MJÖLKPULVER, emulgeringsmedel (SOJALECITIN), arom), fuktighetsbevarande medel (glycerol), isomalto-oligosackarider, kollagenpeptider, vatten, MANDEL, palmfett, SOJAKRISP (SOJAPROTEIN, kakao, tapiokastärkelse), kakao, MJÖLKCHOKLAD (sötningmedel (maltitol), kakaosmör, MJÖLKPULVER, kakaomassa, emulgeringsmedel (SOJALECITIN), arom), arom, salt, sötningsmedel (sukralos, acesulfam K).",
    "nutrition": "Näringsvärde per 100 Gram\nenergi 1542 Kilojoule\nenergi 369 Kilokalori\nfett 16 Gram\nvarav mättat fett 7.9 Gram\nkolhydrat 28 Gram\nvarav sockerarter 2.9 Gram\nfiber 6.9 Gram\nprotein 36 Gram\nsalt 0.46 Gram",
    "durability": null,
    "recycling": null,
    "detail": "Proteinbar med vit choklad och mandel. Innehåller sötningsmedel och naturligt förekommande socker.\n\nÖverdriven konsumtion kan ha laxerande effekt. Sorteras som plastförpackning.\n\nFörvaras i rumstemperatur.",
    "storage": "Förvaras i rumstemperatur.",
    "combinedNameWithBrand": "White Chocolate Almond Protein Bar Barebells",
    "averageProductLife": 0,
    "minimumDaysBeforeExpire": 31,
    "averageUnitWeight": 56,
    "weight": 56,
    "isMixable": false,
    "idRequired": 0,
    "tagNames": [],
    "featured": false,
    "campaignRank": 239,
    "availableQuantities": [
      {
        "quantity": 5,
        "quantityKey": "dw-14390"
      },
      {
        "quantity": 5,
        "quantityKey": "dw-14474"
      },
      {
        "quantity": 5,
        "quantityKey": "dw-14444"
      },
      {
        "quantity": 5,
        "quantityKey": "dw-14406"
      },
      {
        "quantity": 5,
        "quantityKey": "default"
      },
      {
        "quantity": 5,
        "quantityKey": "dw-14428"
      },
      {
        "quantity": 5,
        "quantityKey": "dw-14450"
      },
      {
        "quantity": 5,
        "quantityKey": "dw-14452"
      },
      {
        "quantity": 5,
        "quantityKey": "dw-14468"
      },
      {
        "quantity": 5,
        "quantityKey": "dw-14436"
      },
      {
        "quantity": 5,
        "quantityKey": "dw-14398"
      },
      {
        "quantity": 5,
        "quantityKey": "dw-14400"
      },
      {
        "quantity": 5,
        "quantityKey": "dw-14480"
      },
      {
        "quantity": 5,
        "quantityKey": "dw-14416"
      },
      {
        "quantity": 5,
        "quantityKey": "dw-14458"
      },
      {
        "quantity": 5,
        "quantityKey": "dw-14478"
      },
      {
        "quantity": 5,
        "quantityKey": "dw-14434"
      },
      {
        "quantity": 5,
        "quantityKey": "dw-14422"
      },
      {
        "quantity": 5,
        "quantityKey": "dw-14408"
      },
      {
        "quantity": 5,
        "quantityKey": "dw-14442"
      },
      {
        "quantity": 5,
        "quantityKey": "dw-14426"
      },
      {
        "quantity": 5,
        "quantityKey": "dw-14392"
      },
      {
        "quantity": 5,
        "quantityKey": "dw-14460"
      },
      {
        "quantity": 5,
        "quantityKey": "dw-14414"
      },
      {
        "quantity": 5,
        "quantityKey": "dw-14466"
      }
    ],
    "emission": 0,
    "allergies": [
      {
        "id": 5,
        "infoSource": null,
        "level": {
          "enumType": "se.mat.mycroft.enums.AllergyLevel",
          "name": "TRACES"
        },
        "substanceName": "Jordnötter"
      },
      {
        "id": 6,
        "infoSource": null,
        "level": {
          "enumType": "se.mat.mycroft.enums.AllergyLevel",
          "name": "CONTAINS"
        },
        "substanceName": "Sojabönor"
      },
      {
        "id": 1,
        "infoSource": null,
        "level": {
          "enumType": "se.mat.mycroft.enums.AllergyLevel",
          "name": "TRACES"
        },
        "substanceName": "Gluten"
      },
      {
        "id": 10,
        "infoSource": null,
        "level": {
          "enumType": "se.mat.mycroft.enums.AllergyLevel",
          "name": "CONTAINS"
        },
        "substanceName": "Nötter"
      },
      {
        "id": 7,
        "infoSource": null,
        "level": {
          "enumType": "se.mat.mycroft.enums.AllergyLevel",
          "name": "CONTAINS"
        },
        "substanceName": "Mjölk"
      },
      {
        "id": 3,
        "infoSource": null,
        "level": {
          "enumType": "se.mat.mycroft.enums.AllergyLevel",
          "name": "TRACES"
        },
        "substanceName": "Ägg"
      }
    ],
    "warehouseProductMappingId": null,
    "productRelationship": {
      "canBeReplacedWithProductIds": [],
      "canBeSubstitutedWithProductIds": [],
      "sameContentProductIds": []
    },
    "soldCount": 2799,
    "variety": "",
    "isAgreeWithPersonalTerms": null,
    "hasDeclinedPersonalAgreement": null,
    "probability": null,
    "productCountries": [],
    "productVarieties": [],
    "productBanner": null,
    "isShowOnTopProduct": false,
    "primaryCategoryNamePath": "Mat.se Göteborg/Apoteksvaror/Vitaminer, Hälso- & Kosttillskott/Bars"
  },
  {
    "id": 104945,
    "dateCreated": "Wed May 08 11:20:56 CEST 2019",
    "name": "Propud Strawberry Laktosfri Milkshake",
    "showPrice": "20,50  kr",
    "friendlyUrl": "propud-strawberry-protein-milkshake-njie-330ml",
    "formattedName": "Propud Strawberry Laktosfri Milkshake",
    "ean": "7350068295232",
    "countryOfOrigin": "DE",
    "translatedCountryName": "Tyskland",
    "labelTags": [
      {
        "id": 15,
        "name": "Särnär fri från laktos",
        "tag": "fri_laktos"
      }
    ],
    "hasImage": true,
    "imageUrl": "https://d1hr6nb56yyl1.cloudfront.net/product-images/104945-150.jpg",
    "brand": {
      "id": 1518,
      "name": "NJIE"
    },
    "categories": [
      {
        "id": 9230,
        "name": "Proteintillskott"
      },
      {
        "id": 10262,
        "name": "Milkshake"
      },
      {
        "id": 11478,
        "name": "Proteindryck"
      }
    ],
    "displayBrand": "NJIE",
    "favouriteCount": 554,
    "active": true,
    "inStockQuantity": 29,
    "orderable": true,
    "price": 20.5,
    "priceWithoutVat": 18.3035714286,
    "recommendedRetailPrice": null,
    "readableComparisonPrice": "62,12 kr/l",
    "discount": null,
    "discountedPrice": 0,
    "size": "330ML",
    "weightProduct": false,
    "vat": 12,
    "content": "MJÖLK/MELK/MÆLK, MJÖLKPROTEIN/MELKEPROTEIN/MÆLKEPROTEIN, stabiliseringsmedel/stabilisator (gellangummi/gellan, cellulosagummi, karragenan), arom, sötningsmedel/søtstoffer (steviolglykosider från stevia, acesulfam K), färgämne/fargestoff (karotener), laktasenzym. UHT-behandlad. Innehåller naturligt förekommande socker/Med et naturlig innhold av sukker.",
    "nutrition": "Näringsvärde per 100 Milliliter\nenergi 243 Kilojoule\nenergi 58 Kilokalori\nfett 1.5 Gram\nvarav mättat fett 0.9 Gram\nkolhydrat 4.9 Gram\nvarav sockerarter 4.9 Gram\nprotein 6.1 Gram\nsalt 0.1 Gram",
    "durability": null,
    "recycling": null,
    "detail": "NJIE ProPud Proteinmilkshake Strawberry- en krämig och len milkshake med smak av somrig jordgubb. Utan tillsatt socker, laktosfri och med 20 g protein per flaska.\n\nOmskakas före servering. Serveras kyld.\n\nOöppnad förpackning kan förvaras i rumstemperatur. Öppnad förpackning förvaras i kyl och bör konsumeras inom 24 timmar.",
    "storage": "Oöppnad förpackning kan förvaras i rumstemperatur. Öppnad förpackning förvaras i kyl och bör konsumeras inom 24 timmar.",
    "combinedNameWithBrand": "Propud Strawberry Laktosfri Milkshake Njie",
    "averageProductLife": 243.9,
    "minimumDaysBeforeExpire": 5,
    "averageUnitWeight": 370,
    "weight": 370,
    "isMixable": false,
    "idRequired": 0,
    "tagNames": [],
    "featured": false,
    "campaignRank": 82,
    "availableQuantities": [
      {
        "quantity": 29,
        "quantityKey": "dw-14390"
      },
      {
        "quantity": 29,
        "quantityKey": "dw-14416"
      },
      {
        "quantity": 29,
        "quantityKey": "dw-14458"
      },
      {
        "quantity": 29,
        "quantityKey": "dw-14452"
      },
      {
        "quantity": 29,
        "quantityKey": "dw-14428"
      },
      {
        "quantity": 29,
        "quantityKey": "dw-14392"
      },
      {
        "quantity": 29,
        "quantityKey": "dw-14400"
      },
      {
        "quantity": 29,
        "quantityKey": "dw-14406"
      },
      {
        "quantity": 29,
        "quantityKey": "dw-14426"
      },
      {
        "quantity": 29,
        "quantityKey": "dw-14468"
      },
      {
        "quantity": 29,
        "quantityKey": "dw-14474"
      },
      {
        "quantity": 29,
        "quantityKey": "dw-14460"
      },
      {
        "quantity": 29,
        "quantityKey": "dw-14478"
      },
      {
        "quantity": 29,
        "quantityKey": "default"
      },
      {
        "quantity": 29,
        "quantityKey": "dw-14434"
      },
      {
        "quantity": 29,
        "quantityKey": "dw-14408"
      },
      {
        "quantity": 29,
        "quantityKey": "dw-14398"
      },
      {
        "quantity": 29,
        "quantityKey": "dw-14414"
      },
      {
        "quantity": 29,
        "quantityKey": "dw-14480"
      },
      {
        "quantity": 29,
        "quantityKey": "dw-14444"
      },
      {
        "quantity": 29,
        "quantityKey": "dw-14450"
      },
      {
        "quantity": 29,
        "quantityKey": "dw-14466"
      },
      {
        "quantity": 29,
        "quantityKey": "dw-14436"
      },
      {
        "quantity": 29,
        "quantityKey": "dw-14442"
      },
      {
        "quantity": 29,
        "quantityKey": "dw-14422"
      }
    ],
    "emission": 0,
    "allergies": [
      {
        "id": 7,
        "infoSource": null,
        "level": {
          "enumType": "se.mat.mycroft.enums.AllergyLevel",
          "name": "CONTAINS"
        },
        "substanceName": "Mjölk"
      }
    ],
    "warehouseProductMappingId": null,
    "productRelationship": {
      "canBeReplacedWithProductIds": [],
      "canBeSubstitutedWithProductIds": [],
      "sameContentProductIds": []
    },
    "soldCount": 3401,
    "variety": "",
    "isAgreeWithPersonalTerms": null,
    "hasDeclinedPersonalAgreement": null,
    "probability": null,
    "productCountries": [],
    "productVarieties": [],
    "productBanner": null,
    "isShowOnTopProduct": false,
    "primaryCategoryNamePath": "Mat.se Göteborg/Apoteksvaror/Vitaminer, Hälso- & Kosttillskott/Proteintillskott"
  },
  {
    "id": 98571,
    "dateCreated": "Wed May 09 13:47:29 CEST 2018",
    "name": "Propud Pear/vanilla Laktosfri Milkshake",
    "showPrice": "20,50  kr",
    "friendlyUrl": "pp-protein-milkshake-pear-vanilla-njie-330-ml",
    "formattedName": "Propud Pear/vanilla Laktosfri Milkshake",
    "ean": "7350068291272",
    "countryOfOrigin": "DE",
    "translatedCountryName": "Tyskland",
    "labelTags": [
      {
        "id": 15,
        "name": "Särnär fri från laktos",
        "tag": "fri_laktos"
      }
    ],
    "hasImage": true,
    "imageUrl": "https://d1hr6nb56yyl1.cloudfront.net/product-images/98571-150.jpg",
    "brand": {
      "id": 1518,
      "name": "NJIE"
    },
    "categories": [
      {
        "id": 11478,
        "name": "Proteindryck"
      },
      {
        "id": 10262,
        "name": "Milkshake"
      },
      {
        "id": 9230,
        "name": "Proteintillskott"
      }
    ],
    "displayBrand": "NJIE",
    "favouriteCount": 575,
    "active": true,
    "inStockQuantity": 25,
    "orderable": true,
    "price": 20.5,
    "priceWithoutVat": 18.3035714286,
    "recommendedRetailPrice": null,
    "readableComparisonPrice": "62,12 kr/l",
    "discount": null,
    "discountedPrice": 0,
    "size": "330ML",
    "weightProduct": false,
    "vat": 12,
    "content": "MJÖLK/MELK/MÆLK, MJÖLKPROTEIN/MELKEPROTEIN/MÆLKEPROTEIN, stabiliseringsmedel/stabilisator (gellangummi/gellan, cellulosagummi, karragenan), arom, sötningsmedel/søtstoffer (steviolglykosider från stevia, acesulfam K), färgämne/fargestoff (karotener), laktasenzym. UHT-behandlad. Innehåller naturligt förekommande socker/Med et naturlig innhold av sukker.",
    "nutrition": "Näringsvärde per 100 Milliliter\nenergi 243 Kilojoule\nenergi 58 Kilokalori\nfett 1.5 Gram\nvarav mättat fett 0.9 Gram\nkolhydrat 4.9 Gram\nvarav sockerarter 4.9 Gram\nprotein 6.1 Gram\nsalt 0.1 Gram",
    "durability": null,
    "recycling": null,
    "detail": "NJIE ProPud Protein Milkshake Pear Vanilla - en krämig och len milkshake med smak av päron och vanilj. Utan tillsatt socker, laktosfri och med 20 g protein per flaska.\n\nSkakas för användning. Serveras kyld.\n\nOöppnad förpackning kan förvaras i rumstemperatur. Öppnad förpackning förvaras i kyl och bör konsumeras inom 24 timmar.",
    "storage": "Oöppnad förpackning kan förvaras i rumstemperatur. Öppnad förpackning förvaras i kyl och bör konsumeras inom 24 timmar.",
    "combinedNameWithBrand": "Propud Pear/vanilla Laktosfri Milkshake Njie",
    "averageProductLife": 230.2,
    "minimumDaysBeforeExpire": 5,
    "averageUnitWeight": 370,
    "weight": 370,
    "isMixable": false,
    "idRequired": 0,
    "tagNames": [],
    "featured": false,
    "campaignRank": 79,
    "availableQuantities": [
      {
        "quantity": 25,
        "quantityKey": "dw-14406"
      },
      {
        "quantity": 25,
        "quantityKey": "dw-14416"
      },
      {
        "quantity": 25,
        "quantityKey": "dw-14400"
      },
      {
        "quantity": 25,
        "quantityKey": "dw-14398"
      },
      {
        "quantity": 25,
        "quantityKey": "dw-14390"
      },
      {
        "quantity": 25,
        "quantityKey": "dw-14442"
      },
      {
        "quantity": 25,
        "quantityKey": "dw-14466"
      },
      {
        "quantity": 25,
        "quantityKey": "dw-14426"
      },
      {
        "quantity": 25,
        "quantityKey": "dw-14478"
      },
      {
        "quantity": 25,
        "quantityKey": "dw-14428"
      },
      {
        "quantity": 25,
        "quantityKey": "dw-14408"
      },
      {
        "quantity": 25,
        "quantityKey": "dw-14444"
      },
      {
        "quantity": 25,
        "quantityKey": "dw-14452"
      },
      {
        "quantity": 25,
        "quantityKey": "dw-14434"
      },
      {
        "quantity": 25,
        "quantityKey": "dw-14436"
      },
      {
        "quantity": 25,
        "quantityKey": "dw-14392"
      },
      {
        "quantity": 25,
        "quantityKey": "dw-14450"
      },
      {
        "quantity": 25,
        "quantityKey": "dw-14474"
      },
      {
        "quantity": 25,
        "quantityKey": "dw-14468"
      },
      {
        "quantity": 25,
        "quantityKey": "dw-14480"
      },
      {
        "quantity": 25,
        "quantityKey": "dw-14460"
      },
      {
        "quantity": 25,
        "quantityKey": "default"
      },
      {
        "quantity": 25,
        "quantityKey": "dw-14458"
      },
      {
        "quantity": 25,
        "quantityKey": "dw-14422"
      },
      {
        "quantity": 25,
        "quantityKey": "dw-14414"
      }
    ],
    "emission": 0,
    "allergies": [
      {
        "id": 7,
        "infoSource": null,
        "level": {
          "enumType": "se.mat.mycroft.enums.AllergyLevel",
          "name": "CONTAINS"
        },
        "substanceName": "Mjölk"
      }
    ],
    "warehouseProductMappingId": null,
    "productRelationship": {
      "canBeReplacedWithProductIds": [],
      "canBeSubstitutedWithProductIds": [],
      "sameContentProductIds": []
    },
    "soldCount": 4535,
    "variety": "",
    "isAgreeWithPersonalTerms": null,
    "hasDeclinedPersonalAgreement": null,
    "probability": null,
    "productCountries": [],
    "productVarieties": [],
    "productBanner": null,
    "isShowOnTopProduct": false,
    "primaryCategoryNamePath": "Mat.se Göteborg/Hälsa & Träning/Proteindryck"
  },
  {
    "id": 82623,
    "dateCreated": "Fri Sep 23 14:12:39 CEST 2016",
    "name": "ProPud White Chocolate Raspberry Milkshake",
    "showPrice": "20,50  kr",
    "friendlyUrl": "propud-proteinmilkshake-white-chocolate-raspberry-njie-330-ml",
    "formattedName": "Propud White Chocolate Raspberry Milkshake",
    "ean": "7350068291227",
    "countryOfOrigin": "AT",
    "translatedCountryName": "Österrike",
    "labelTags": [
      {
        "id": 15,
        "name": "Särnär fri från laktos",
        "tag": "fri_laktos"
      }
    ],
    "hasImage": true,
    "imageUrl": "https://d1hr6nb56yyl1.cloudfront.net/product-images/82623-150.jpg",
    "brand": {
      "id": 1518,
      "name": "NJIE"
    },
    "categories": [
      {
        "id": 9230,
        "name": "Proteintillskott"
      },
      {
        "id": 10262,
        "name": "Milkshake"
      },
      {
        "id": 11478,
        "name": "Proteindryck"
      }
    ],
    "displayBrand": "NJIE",
    "favouriteCount": 1004,
    "active": true,
    "inStockQuantity": 23,
    "orderable": true,
    "price": 20.5,
    "priceWithoutVat": 18.3035714286,
    "recommendedRetailPrice": null,
    "readableComparisonPrice": "62,12 kr/l",
    "discount": null,
    "discountedPrice": 0,
    "size": "330 ml",
    "weightProduct": false,
    "vat": 12,
    "content": "MJÖLK/MELK/MÆLK, MJÖLKPROTEIN/MELKEPROTEIN/MÆLKEPROTEIN, stabiliseringsmedel/stabilisator (gellangummi/gellan, cellulosagummi, karragenan), naturliga aromer, sötningsmedel/søtstoffer (steviolglykosider från stevia, acesulfam K), laktasenzym. UHT-behandlad.\nInnehåller naturligt förekommande socker/Med et naturlig innhold av sukker.",
    "nutrition": "Näringsvärde per 100 millilitrer\nEnergi 243/58 kilojoule/kilokalori\nFett 1.5 gram\nvarav mättat fett 0.9 gram\nKolhydrat 4.9 gram\nvarav sockerarter 4.9 gram\nProtein 6.1 gram\nSalt 0.10 gram",
    "durability": null,
    "recycling": null,
    "detail": "NJIE ProPud Protein Milkshake White Chocolate Raspberry - en krämig och len milkshake med smak av vit choklad och hallon. Utan tillsatt socker, laktosfri och med 20 g protein per flaska.\n\nSkakas för användning. Serveras kyld.\n\nUtan tillsatt socker\n\nInnehåller mjölk.",
    "storage": "Oöppnad förpackning kan förvaras i rumstemperatur. Öppnad förpackning förvaras i kyl och bör konsumeras inom 24 timmar.",
    "combinedNameWithBrand": "Propud White Chocolate Raspberry Milkshake Njie",
    "averageProductLife": 230.6,
    "minimumDaysBeforeExpire": 5,
    "averageUnitWeight": 0,
    "weight": 360,
    "isMixable": false,
    "idRequired": 0,
    "tagNames": [
      "Protein",
      "proteinshake",
      "hallonsmak",
      "Choklad",
      "hälsa",
      "milk",
      "shake",
      "chokladsmak",
      "träning",
      "proteinmilkshake",
      "vit",
      "Hallon",
      "milkshake"
    ],
    "featured": false,
    "campaignRank": 2147483647,
    "availableQuantities": [
      {
        "quantity": 23,
        "quantityKey": "dw-14444"
      },
      {
        "quantity": 23,
        "quantityKey": "default"
      },
      {
        "quantity": 23,
        "quantityKey": "dw-14406"
      },
      {
        "quantity": 23,
        "quantityKey": "dw-14434"
      },
      {
        "quantity": 23,
        "quantityKey": "dw-14478"
      },
      {
        "quantity": 23,
        "quantityKey": "dw-14452"
      },
      {
        "quantity": 23,
        "quantityKey": "dw-14458"
      },
      {
        "quantity": 23,
        "quantityKey": "dw-14414"
      },
      {
        "quantity": 23,
        "quantityKey": "dw-14416"
      },
      {
        "quantity": 23,
        "quantityKey": "dw-14400"
      },
      {
        "quantity": 23,
        "quantityKey": "dw-14390"
      },
      {
        "quantity": 23,
        "quantityKey": "dw-14426"
      },
      {
        "quantity": 23,
        "quantityKey": "dw-14450"
      },
      {
        "quantity": 23,
        "quantityKey": "dw-14480"
      },
      {
        "quantity": 23,
        "quantityKey": "dw-14408"
      },
      {
        "quantity": 23,
        "quantityKey": "dw-14466"
      },
      {
        "quantity": 23,
        "quantityKey": "dw-14392"
      },
      {
        "quantity": 23,
        "quantityKey": "dw-14436"
      },
      {
        "quantity": 23,
        "quantityKey": "dw-14398"
      },
      {
        "quantity": 23,
        "quantityKey": "dw-14422"
      },
      {
        "quantity": 23,
        "quantityKey": "dw-14442"
      },
      {
        "quantity": 23,
        "quantityKey": "dw-14468"
      },
      {
        "quantity": 23,
        "quantityKey": "dw-14474"
      },
      {
        "quantity": 23,
        "quantityKey": "dw-14428"
      },
      {
        "quantity": 23,
        "quantityKey": "dw-14460"
      }
    ],
    "emission": 0,
    "allergies": [
      {
        "id": 7,
        "infoSource": null,
        "level": {
          "enumType": "se.mat.mycroft.enums.AllergyLevel",
          "name": "CONTAINS"
        },
        "substanceName": "Mjölk"
      }
    ],
    "warehouseProductMappingId": null,
    "productRelationship": {
      "canBeReplacedWithProductIds": [],
      "canBeSubstitutedWithProductIds": [],
      "sameContentProductIds": []
    },
    "soldCount": 9033,
    "variety": "",
    "isAgreeWithPersonalTerms": null,
    "hasDeclinedPersonalAgreement": null,
    "probability": null,
    "productCountries": [],
    "productVarieties": [],
    "productBanner": null,
    "isShowOnTopProduct": false,
    "primaryCategoryNamePath": "Mat.se Göteborg/Apoteksvaror/Vitaminer, Hälso- & Kosttillskott/Proteintillskott"
  },
  {
    "id": 104129,
    "dateCreated": "Tue Dec 03 10:07:38 CET 2019",
    "name": "Whey-80 Double Rich Chocolate",
    "showPrice": "140  kr",
    "friendlyUrl": "whey-80-double-rich-chocolate-star-nutrition-500g",
    "formattedName": "Whey-80 Double Rich Chocolate",
    "ean": "7350049159683",
    "countryOfOrigin": null,
    "translatedCountryName": "",
    "labelTags": [],
    "hasImage": true,
    "imageUrl": "https://d1hr6nb56yyl1.cloudfront.net/product-images/104129-150.jpg",
    "brand": {
      "id": 7641,
      "name": "Star Nutrition"
    },
    "categories": [
      {
        "id": 11476,
        "name": "Proteinpulver"
      },
      {
        "id": 9230,
        "name": "Proteintillskott"
      }
    ],
    "displayBrand": "Star Nutrition",
    "favouriteCount": 50,
    "active": true,
    "inStockQuantity": 1,
    "orderable": true,
    "price": 140,
    "priceWithoutVat": 125,
    "recommendedRetailPrice": null,
    "readableComparisonPrice": "280 kr/kg",
    "discount": null,
    "discountedPrice": 0,
    "size": "500G",
    "weightProduct": false,
    "vat": 12,
    "content": "VASSLEPROTEINKONCENTRAT (MJÖLK) (innehåller emulgeringsmedel (mono- och diglycerider av fettsyror)), kakao, arom, sötningsmedel (aspartam*, acesulfam-K). * Innehåller en källa till fenylalanin",
    "nutrition": "Näringsvärde per 100 Gram\nenergi 1600 Kilojoule\nenergi 380 Kilokalori\nfett 6 Gram\nvarav mättat fett 4 Gram\nkolhydrat 5 Gram\nvarav sockerarter 4.5 Gram\nfiber 1.2 Gram\nprotein 76 Gram\nsalt 0.58 Gram",
    "durability": null,
    "recycling": null,
    "detail": null,
    "storage": null,
    "combinedNameWithBrand": "Whey-80 Double Rich Chocolate Star Nutrition",
    "averageProductLife": 0,
    "minimumDaysBeforeExpire": 31,
    "averageUnitWeight": 530,
    "weight": 530,
    "isMixable": false,
    "idRequired": 0,
    "tagNames": [],
    "featured": false,
    "campaignRank": 2147483647,
    "availableQuantities": [
      {
        "quantity": 1,
        "quantityKey": "dw-14450"
      },
      {
        "quantity": 1,
        "quantityKey": "dw-14478"
      },
      {
        "quantity": 1,
        "quantityKey": "dw-14398"
      },
      {
        "quantity": 1,
        "quantityKey": "dw-14452"
      },
      {
        "quantity": 1,
        "quantityKey": "dw-14474"
      },
      {
        "quantity": 1,
        "quantityKey": "dw-14434"
      },
      {
        "quantity": 1,
        "quantityKey": "dw-14436"
      },
      {
        "quantity": 1,
        "quantityKey": "dw-14414"
      },
      {
        "quantity": 1,
        "quantityKey": "dw-14428"
      },
      {
        "quantity": 1,
        "quantityKey": "dw-14460"
      },
      {
        "quantity": 1,
        "quantityKey": "dw-14400"
      },
      {
        "quantity": 1,
        "quantityKey": "dw-14426"
      },
      {
        "quantity": 1,
        "quantityKey": "dw-14466"
      },
      {
        "quantity": 1,
        "quantityKey": "dw-14406"
      },
      {
        "quantity": 1,
        "quantityKey": "default"
      },
      {
        "quantity": 1,
        "quantityKey": "dw-14408"
      },
      {
        "quantity": 1,
        "quantityKey": "dw-14458"
      },
      {
        "quantity": 1,
        "quantityKey": "dw-14390"
      },
      {
        "quantity": 1,
        "quantityKey": "dw-14480"
      },
      {
        "quantity": 1,
        "quantityKey": "dw-14422"
      },
      {
        "quantity": 1,
        "quantityKey": "dw-14468"
      },
      {
        "quantity": 1,
        "quantityKey": "dw-14444"
      },
      {
        "quantity": 1,
        "quantityKey": "dw-14392"
      },
      {
        "quantity": 1,
        "quantityKey": "dw-14416"
      },
      {
        "quantity": 1,
        "quantityKey": "dw-14442"
      }
    ],
    "emission": 0,
    "allergies": [
      {
        "id": 7,
        "infoSource": null,
        "level": {
          "enumType": "se.mat.mycroft.enums.AllergyLevel",
          "name": "CONTAINS"
        },
        "substanceName": "Mjölk"
      }
    ],
    "warehouseProductMappingId": null,
    "productRelationship": {
      "canBeReplacedWithProductIds": [],
      "canBeSubstitutedWithProductIds": [],
      "sameContentProductIds": []
    },
    "soldCount": 195,
    "variety": "",
    "isAgreeWithPersonalTerms": null,
    "hasDeclinedPersonalAgreement": null,
    "probability": null,
    "productCountries": [],
    "productVarieties": [],
    "productBanner": null,
    "isShowOnTopProduct": false,
    "primaryCategoryNamePath": "Mat.se Göteborg/Hälsa & Träning/Proteinpulver"
  },
  {
    "id": 88204,
    "dateCreated": "Wed Feb 15 20:05:39 CET 2017",
    "name": "Propud Cappuccino Laktosfri Milkshake",
    "showPrice": "20,50  kr",
    "friendlyUrl": "propud-proteinmilkshake-cappuccino-njie-330-ml",
    "formattedName": "Propud Cappuccino Laktosfri Milkshake",
    "ean": "7350068291234",
    "countryOfOrigin": "DE",
    "translatedCountryName": "Tyskland",
    "labelTags": [
      {
        "id": 15,
        "name": "Särnär fri från laktos",
        "tag": "fri_laktos"
      }
    ],
    "hasImage": true,
    "imageUrl": "https://d1hr6nb56yyl1.cloudfront.net/product-images/88204-150.jpg",
    "brand": {
      "id": 1518,
      "name": "NJIE"
    },
    "categories": [
      {
        "id": 10262,
        "name": "Milkshake"
      },
      {
        "id": 9230,
        "name": "Proteintillskott"
      },
      {
        "id": 11478,
        "name": "Proteindryck"
      }
    ],
    "displayBrand": "NJIE",
    "favouriteCount": 858,
    "active": true,
    "inStockQuantity": 28,
    "orderable": true,
    "price": 20.5,
    "priceWithoutVat": 18.3035714286,
    "recommendedRetailPrice": null,
    "readableComparisonPrice": "62,12 kr/l",
    "discount": null,
    "discountedPrice": 0,
    "size": "330ML",
    "weightProduct": false,
    "vat": 12,
    "content": "MJÖLK/MELK/MÆLK, MJÖLKPROTEIN/MELKEPROTEIN/MÆLKEPROTEIN, stabiliseringsmedel/stabilisator (gellangummi/gellan, cellulosagummi, karragenan), arom, sötningsmedel/søtstoffer (steviolglykosider från stevia, acesulfam K), färgämne/fargestoff (sockerkulör/karamel), laktasenzym. UHT-behandlad. Innehåller naturligt förekommande socker/Med et naturlig innhold av sukker.",
    "nutrition": "Näringsvärde per 100 Milliliter\nenergi 243 Kilojoule\nenergi 58 Kilokalori\nfett 1.5 Gram\nvarav mättat fett 0.9 Gram\nkolhydrat 4.9 Gram\nvarav sockerarter 4.9 Gram\nprotein 6.1 Gram\nsalt 0.1 Gram",
    "durability": null,
    "recycling": null,
    "detail": "NJIE ProPud Protein Milkshake Cappuccino - en krämig och len milkshake med cappuccinosmak. Utan tillsatt socker, laktosfri och med 20 g protein per flaska.\n\nOmskakas före användning. Serveras kyld.\n\nOöppnad förpackning kan förvaras i rumstemperatur. Öppnad förpackning förvaras i kyl och bör konsumeras inom 24 timmar.",
    "storage": "Oöppnad förpackning kan förvaras i rumstemperatur. Öppnad förpackning förvaras i kyl och bör konsumeras inom 24 timmar.",
    "combinedNameWithBrand": "Propud Cappuccino Laktosfri Milkshake Njie",
    "averageProductLife": 240.3,
    "minimumDaysBeforeExpire": 5,
    "averageUnitWeight": 370,
    "weight": 370,
    "isMixable": false,
    "idRequired": 0,
    "tagNames": [
      "milkshake",
      "Protein",
      "hälsa",
      "proteinshake",
      "proteinmilkshake",
      "milk",
      "träning",
      "shake"
    ],
    "featured": false,
    "campaignRank": 2147483647,
    "availableQuantities": [
      {
        "quantity": 28,
        "quantityKey": "dw-14406"
      },
      {
        "quantity": 28,
        "quantityKey": "dw-14478"
      },
      {
        "quantity": 28,
        "quantityKey": "dw-14414"
      },
      {
        "quantity": 28,
        "quantityKey": "default"
      },
      {
        "quantity": 28,
        "quantityKey": "dw-14434"
      },
      {
        "quantity": 28,
        "quantityKey": "dw-14474"
      },
      {
        "quantity": 28,
        "quantityKey": "dw-14480"
      },
      {
        "quantity": 28,
        "quantityKey": "dw-14460"
      },
      {
        "quantity": 28,
        "quantityKey": "dw-14444"
      },
      {
        "quantity": 28,
        "quantityKey": "dw-14436"
      },
      {
        "quantity": 28,
        "quantityKey": "dw-14442"
      },
      {
        "quantity": 28,
        "quantityKey": "dw-14428"
      },
      {
        "quantity": 28,
        "quantityKey": "dw-14400"
      },
      {
        "quantity": 28,
        "quantityKey": "dw-14392"
      },
      {
        "quantity": 28,
        "quantityKey": "dw-14422"
      },
      {
        "quantity": 28,
        "quantityKey": "dw-14426"
      },
      {
        "quantity": 28,
        "quantityKey": "dw-14466"
      },
      {
        "quantity": 28,
        "quantityKey": "dw-14416"
      },
      {
        "quantity": 28,
        "quantityKey": "dw-14452"
      },
      {
        "quantity": 28,
        "quantityKey": "dw-14450"
      },
      {
        "quantity": 28,
        "quantityKey": "dw-14390"
      },
      {
        "quantity": 28,
        "quantityKey": "dw-14468"
      },
      {
        "quantity": 28,
        "quantityKey": "dw-14398"
      },
      {
        "quantity": 28,
        "quantityKey": "dw-14408"
      },
      {
        "quantity": 28,
        "quantityKey": "dw-14458"
      }
    ],
    "emission": 0,
    "allergies": [
      {
        "id": 7,
        "infoSource": null,
        "level": {
          "enumType": "se.mat.mycroft.enums.AllergyLevel",
          "name": "CONTAINS"
        },
        "substanceName": "Mjölk"
      }
    ],
    "warehouseProductMappingId": null,
    "productRelationship": {
      "canBeReplacedWithProductIds": [],
      "canBeSubstitutedWithProductIds": [],
      "sameContentProductIds": []
    },
    "soldCount": 8661,
    "variety": "",
    "isAgreeWithPersonalTerms": null,
    "hasDeclinedPersonalAgreement": null,
    "probability": null,
    "productCountries": [],
    "productVarieties": [],
    "productBanner": null,
    "isShowOnTopProduct": false,
    "primaryCategoryNamePath": "Mat.se Göteborg/Mejeri, Juice & Ägg/Proteinmål/Milkshake"
  },
  {
    "id": 119320,
    "dateCreated": "Wed Sep 02 08:40:44 CEST 2020",
    "name": "Bar Chocolate Proteinbar Vegan",
    "showPrice": "25,50  kr",
    "friendlyUrl": "bar-chocolate-proteinbar-vegan-barebells-55g",
    "formattedName": "Bar Chocolate Proteinbar Vegan",
    "ean": "7340001803662",
    "countryOfOrigin": "EU",
    "translatedCountryName": "EU",
    "labelTags": [],
    "hasImage": true,
    "imageUrl": "https://d1hr6nb56yyl1.cloudfront.net/product-images/119320-150.jpg",
    "brand": {
      "id": 3423,
      "name": "Barebells"
    },
    "categories": [
      {
        "id": 11474,
        "name": "Bars"
      },
      {
        "id": 4336,
        "name": "Bars"
      }
    ],
    "displayBrand": "Barebells",
    "favouriteCount": 174,
    "active": true,
    "inStockQuantity": 12,
    "orderable": true,
    "price": 25.5,
    "priceWithoutVat": 22.7678571429,
    "recommendedRetailPrice": null,
    "readableComparisonPrice": "463,64 kr/kg",
    "discount": null,
    "discountedPrice": 0,
    "size": "55G",
    "weightProduct": false,
    "vat": 12,
    "content": "Protein (SOJA, ärta, ris), fuktighetsbevarande medel (vegetabilisk glycerol), sötningsmedel (maltitol), polydextros, kakaosmör, oligofruktos, SOJAKRISP (SOJAPROTEIN, kakaopulver, tapiokastärkelse), kakaomassa, solrosolja, kakaopulver, surhetsreglerande medel (natriumhydroxid, kaliumkarbonat), rismjöl, arom, emulgeringsmedel (SOJALECITIN) sötningsmedel (sukralos). Kan innehålla spår av GLUTEN, MJÖLK, ÄGG, JORDNÖTTER och NÖTTER.",
    "nutrition": "Näringsvärde per 100 Gram\nenergi 1535 Kilojoule\nenergi 368 Kilokalori\nfett 16 Gram\nvarav mättat fett 7.5 Gram\nkolhydrat 35 Gram\nvarav sockerarter 1.5 Gram\nfiber 13 Gram\nprotein 27 Gram\nsalt 0.79 Gram",
    "durability": null,
    "recycling": null,
    "detail": "Vegansk proteinbar med smak av choklad och kakaoöverdrag. Innehåller sötningsmedel.\nInnehåller naturligt förekommande socker. Utan palmolja.\n\nÖverdriven konsumtion kan ha laxerande effekt. Sorteras som plastförpackning.\n\nFörvaras i rumstemperatur.",
    "storage": "Förvaras i rumstemperatur.",
    "combinedNameWithBrand": "Bar Chocolate Proteinbar Vegan Barebells",
    "averageProductLife": 0,
    "minimumDaysBeforeExpire": 31,
    "averageUnitWeight": 56,
    "weight": 56,
    "isMixable": false,
    "idRequired": 0,
    "tagNames": [
      "bar",
      "tillsatt",
      "vegan",
      "proteinbar",
      "added",
      "Protein",
      "UTS",
      "No",
      "Socker",
      "barebells",
      "Sugar",
      "utan"
    ],
    "featured": false,
    "campaignRank": 244,
    "availableQuantities": [
      {
        "quantity": 12,
        "quantityKey": "default"
      },
      {
        "quantity": 12,
        "quantityKey": "dw-14458"
      },
      {
        "quantity": 12,
        "quantityKey": "dw-14450"
      },
      {
        "quantity": 12,
        "quantityKey": "dw-14408"
      },
      {
        "quantity": 12,
        "quantityKey": "dw-14466"
      },
      {
        "quantity": 12,
        "quantityKey": "dw-14436"
      },
      {
        "quantity": 12,
        "quantityKey": "dw-14422"
      },
      {
        "quantity": 12,
        "quantityKey": "dw-14474"
      },
      {
        "quantity": 12,
        "quantityKey": "dw-14398"
      },
      {
        "quantity": 12,
        "quantityKey": "dw-14480"
      },
      {
        "quantity": 12,
        "quantityKey": "dw-14390"
      },
      {
        "quantity": 12,
        "quantityKey": "dw-14428"
      },
      {
        "quantity": 12,
        "quantityKey": "dw-14478"
      },
      {
        "quantity": 12,
        "quantityKey": "dw-14426"
      },
      {
        "quantity": 12,
        "quantityKey": "dw-14400"
      },
      {
        "quantity": 12,
        "quantityKey": "dw-14444"
      },
      {
        "quantity": 12,
        "quantityKey": "dw-14416"
      },
      {
        "quantity": 12,
        "quantityKey": "dw-14392"
      },
      {
        "quantity": 12,
        "quantityKey": "dw-14468"
      },
      {
        "quantity": 12,
        "quantityKey": "dw-14452"
      },
      {
        "quantity": 12,
        "quantityKey": "dw-14460"
      },
      {
        "quantity": 12,
        "quantityKey": "dw-14434"
      },
      {
        "quantity": 12,
        "quantityKey": "dw-14414"
      },
      {
        "quantity": 12,
        "quantityKey": "dw-14406"
      },
      {
        "quantity": 12,
        "quantityKey": "dw-14442"
      }
    ],
    "emission": 0,
    "allergies": [
      {
        "id": 7,
        "infoSource": null,
        "level": {
          "enumType": "se.mat.mycroft.enums.AllergyLevel",
          "name": "TRACES"
        },
        "substanceName": "Mjölk"
      },
      {
        "id": 3,
        "infoSource": null,
        "level": {
          "enumType": "se.mat.mycroft.enums.AllergyLevel",
          "name": "TRACES"
        },
        "substanceName": "Ägg"
      },
      {
        "id": 6,
        "infoSource": null,
        "level": {
          "enumType": "se.mat.mycroft.enums.AllergyLevel",
          "name": "CONTAINS"
        },
        "substanceName": "Sojabönor"
      },
      {
        "id": 1,
        "infoSource": null,
        "level": {
          "enumType": "se.mat.mycroft.enums.AllergyLevel",
          "name": "TRACES"
        },
        "substanceName": "Gluten"
      },
      {
        "id": 10,
        "infoSource": null,
        "level": {
          "enumType": "se.mat.mycroft.enums.AllergyLevel",
          "name": "TRACES"
        },
        "substanceName": "Nötter"
      },
      {
        "id": 5,
        "infoSource": null,
        "level": {
          "enumType": "se.mat.mycroft.enums.AllergyLevel",
          "name": "TRACES"
        },
        "substanceName": "Jordnötter"
      }
    ],
    "warehouseProductMappingId": null,
    "productRelationship": {
      "canBeReplacedWithProductIds": [],
      "canBeSubstitutedWithProductIds": [],
      "sameContentProductIds": []
    },
    "soldCount": 1020,
    "variety": "",
    "isAgreeWithPersonalTerms": null,
    "hasDeclinedPersonalAgreement": null,
    "probability": null,
    "productCountries": [],
    "productVarieties": [],
    "productBanner": null,
    "isShowOnTopProduct": false,
    "primaryCategoryNamePath": "Mat.se Göteborg/Hälsa & Träning/Bars"
  },
  {
    "id": 100444,
    "dateCreated": "Wed Sep 19 15:04:55 CEST 2018",
    "name": "Protein Bar Hazelnut Nougat",
    "showPrice": "25,50  kr",
    "friendlyUrl": "protein-bar-hazelnut-nougat-barebells-55g",
    "formattedName": "Protein Bar Hazelnut Nougat",
    "ean": "7340001801668",
    "countryOfOrigin": "EU",
    "translatedCountryName": "EU",
    "labelTags": [],
    "hasImage": true,
    "imageUrl": "https://d1hr6nb56yyl1.cloudfront.net/product-images/100444-150.jpg",
    "brand": {
      "id": 3423,
      "name": "Barebells"
    },
    "categories": [
      {
        "id": 4336,
        "name": "Bars"
      },
      {
        "id": 9230,
        "name": "Proteintillskott"
      },
      {
        "id": 11474,
        "name": "Bars"
      }
    ],
    "displayBrand": "Barebells",
    "favouriteCount": 465,
    "active": true,
    "inStockQuantity": 24,
    "orderable": true,
    "price": 25.5,
    "priceWithoutVat": 22.7678571429,
    "recommendedRetailPrice": null,
    "readableComparisonPrice": "463,64 kr/kg",
    "discount": null,
    "discountedPrice": 0,
    "size": "55G",
    "weightProduct": false,
    "vat": 12,
    "content": "MJÖLKPROTEIN, fuktighetsbevarande medel (glycerol), sötningsmedel (maltitol), kollagenpeptider, isomalto-oligosackarider, HASSELNÖTTER (7,5 %), vatten, kakaosmör, MJÖLKPULVER, kakaomassa, palmfett, kakaopulver, arom, emulgeringsmedel (SOJALECITIN), sötningsmedel (sukralos, acesulfam-K). Kan innehålla spår av ÄGG, GLUTEN, JORDNÖTTER och andra NÖTTER.",
    "nutrition": "Näringsvärde per 100 Gram\nenergi 1557 Kilojoule\nenergi 373 Kilokalori\nfett 17 Gram\nvarav mättat fett 7.4 Gram\nkolhydrat 26 Gram\nvarav sockerarter 3.5 Gram\nfiber 7.7 Gram\nprotein 36 Gram\nsalt 0.19 Gram",
    "durability": null,
    "recycling": null,
    "detail": "Proteinbar med hasselnötter, nougatkräm och mjölkchokladöverdrag. Innehåller sötningsmedel och naturligt förekommande socker.\n\nÖverdriven konsumtion kan ha laxerande effekt. Sorteras som plastförpackning.\n\nFörvaras i rumstemperatur.",
    "storage": "Förvaras i rumstemperatur.",
    "combinedNameWithBrand": "Protein Bar Hazelnut Nougat Barebells",
    "averageProductLife": 0,
    "minimumDaysBeforeExpire": 31,
    "averageUnitWeight": 56,
    "weight": 56,
    "isMixable": false,
    "idRequired": 0,
    "tagNames": [
      "Socker",
      "Hasselnötter",
      "Nougat",
      "UTS",
      "proteinbar",
      "tillsatt",
      "utan",
      "hazelnut"
    ],
    "featured": false,
    "campaignRank": 238,
    "availableQuantities": [
      {
        "quantity": 24,
        "quantityKey": "dw-14478"
      },
      {
        "quantity": 24,
        "quantityKey": "dw-14416"
      },
      {
        "quantity": 24,
        "quantityKey": "dw-14390"
      },
      {
        "quantity": 24,
        "quantityKey": "dw-14408"
      },
      {
        "quantity": 24,
        "quantityKey": "dw-14460"
      },
      {
        "quantity": 24,
        "quantityKey": "dw-14480"
      },
      {
        "quantity": 24,
        "quantityKey": "dw-14436"
      },
      {
        "quantity": 24,
        "quantityKey": "dw-14444"
      },
      {
        "quantity": 24,
        "quantityKey": "dw-14452"
      },
      {
        "quantity": 24,
        "quantityKey": "dw-14428"
      },
      {
        "quantity": 24,
        "quantityKey": "dw-14458"
      },
      {
        "quantity": 24,
        "quantityKey": "dw-14466"
      },
      {
        "quantity": 24,
        "quantityKey": "dw-14400"
      },
      {
        "quantity": 24,
        "quantityKey": "dw-14398"
      },
      {
        "quantity": 24,
        "quantityKey": "dw-14426"
      },
      {
        "quantity": 24,
        "quantityKey": "dw-14442"
      },
      {
        "quantity": 24,
        "quantityKey": "dw-14422"
      },
      {
        "quantity": 24,
        "quantityKey": "dw-14434"
      },
      {
        "quantity": 24,
        "quantityKey": "dw-14414"
      },
      {
        "quantity": 24,
        "quantityKey": "dw-14406"
      },
      {
        "quantity": 24,
        "quantityKey": "dw-14474"
      },
      {
        "quantity": 24,
        "quantityKey": "dw-14392"
      },
      {
        "quantity": 24,
        "quantityKey": "dw-14450"
      },
      {
        "quantity": 24,
        "quantityKey": "dw-14468"
      },
      {
        "quantity": 24,
        "quantityKey": "default"
      }
    ],
    "emission": 0,
    "allergies": [
      {
        "id": 3,
        "infoSource": null,
        "level": {
          "enumType": "se.mat.mycroft.enums.AllergyLevel",
          "name": "TRACES"
        },
        "substanceName": "Ägg"
      },
      {
        "id": 6,
        "infoSource": null,
        "level": {
          "enumType": "se.mat.mycroft.enums.AllergyLevel",
          "name": "CONTAINS"
        },
        "substanceName": "Sojabönor"
      },
      {
        "id": 7,
        "infoSource": null,
        "level": {
          "enumType": "se.mat.mycroft.enums.AllergyLevel",
          "name": "CONTAINS"
        },
        "substanceName": "Mjölk"
      },
      {
        "id": 10,
        "infoSource": null,
        "level": {
          "enumType": "se.mat.mycroft.enums.AllergyLevel",
          "name": "CONTAINS"
        },
        "substanceName": "Nötter"
      },
      {
        "id": 5,
        "infoSource": null,
        "level": {
          "enumType": "se.mat.mycroft.enums.AllergyLevel",
          "name": "TRACES"
        },
        "substanceName": "Jordnötter"
      },
      {
        "id": 1,
        "infoSource": null,
        "level": {
          "enumType": "se.mat.mycroft.enums.AllergyLevel",
          "name": "TRACES"
        },
        "substanceName": "Gluten"
      }
    ],
    "warehouseProductMappingId": null,
    "productRelationship": {
      "canBeReplacedWithProductIds": [],
      "canBeSubstitutedWithProductIds": [],
      "sameContentProductIds": []
    },
    "soldCount": 3420,
    "variety": "",
    "isAgreeWithPersonalTerms": null,
    "hasDeclinedPersonalAgreement": null,
    "probability": null,
    "productCountries": [],
    "productVarieties": [],
    "productBanner": null,
    "isShowOnTopProduct": false,
    "primaryCategoryNamePath": "Mat.se Göteborg/Apoteksvaror/Vitaminer, Hälso- & Kosttillskott/Bars"
  },
  {
    "id": 116902,
    "dateCreated": "Tue May 19 11:27:11 CEST 2020",
    "name": "ProPud Chocolate Chip Cookie",
    "showPrice": "<span class='color-red'> 15,38  kr </span>\n                       <br class=\"mobileNone\"/>\n                        <span class='priceWithoutDiscount'>20,50  kr</span>",
    "friendlyUrl": "propud-chocolate-chip-cookie-njie-200g",
    "formattedName": "Propud Chocolate Chip Cookie",
    "ean": "7350068295089",
    "countryOfOrigin": "DE",
    "translatedCountryName": "Tyskland",
    "labelTags": [
      {
        "id": 15,
        "name": "Särnär fri från laktos",
        "tag": "fri_laktos"
      }
    ],
    "hasImage": true,
    "imageUrl": "https://d1hr6nb56yyl1.cloudfront.net/product-images/116902-150.jpg",
    "brand": {
      "id": 1518,
      "name": "NJIE"
    },
    "categories": [
      {
        "id": 10264,
        "name": "Pudding"
      },
      {
        "id": 11482,
        "name": "Proteinpudding"
      },
      {
        "id": 9230,
        "name": "Proteintillskott"
      }
    ],
    "displayBrand": "NJIE",
    "favouriteCount": 433,
    "active": true,
    "inStockQuantity": 40,
    "orderable": true,
    "price": 20.5,
    "priceWithoutVat": 18.3035714286,
    "recommendedRetailPrice": null,
    "readableComparisonPrice": "76,88 kr/kg",
    "discount": {
      "id": 55886,
      "discountInPercent": 25,
      "discountInAmount": 0,
      "discountInNumberOfProducts": 0,
      "multibuyPrice": 0,
      "fixedPrice": 0,
      "afterNumberOfProducts": 0,
      "discountType": "PERCENT",
      "discountCategory": "OFFER",
      "maxPerOrder": 0,
      "startDateInMillis": 1653429600000000,
      "stopDateInMillis": 1654120799000000
    },
    "discountedPrice": 15.375,
    "size": "200G",
    "weightProduct": false,
    "vat": 12,
    "content": "Högpastöriserad MJÖLK/MELK/MÆLK, MJÖLKPROTEIN/MELKEPROTEIN/MÆLKEPROTEIN, fettreducerad kakao (1,9%), stabiliseringsmedel/stabilisator (cellulosagummi, karragenan), aromer, naturliga aromer, antioxidationsmedel (natriumfosfater), sötningsmedel/søtstoffer (acesulfam K, steviolglykosider), laktasenzym. Innehåller naturligt förekommande socker/Med et naturlig innhold av sukker.",
    "nutrition": "Näringsvärde per 100 Gram\nenergi 315 Kilojoule\nenergi 75 Kilokalori\nfett 1.5 Gram\nvarav mättat fett 1 Gram\nkolhydrat 4.8 Gram\nvarav sockerarter 4.5 Gram\nprotein 10 Gram\nsalt 0.3 Gram",
    "durability": null,
    "recycling": null,
    "detail": "NJIE ProPud Protein Pudding Chocolate Chip Cookie - en krämig och god pudding med smak av kakor och choklad. Utan tillsatt socker, laktosfri och med 20 g protein per burk.\n\nKan förvaras i rumstemperatur. Öppnad förpackning förvaras i kyl. Används inom 2 dagar.",
    "storage": "Kan förvaras i rumstemperatur. Öppnad förpackning förvaras i kyl. Används inom 2 dagar.",
    "combinedNameWithBrand": "Propud Chocolate Chip Cookie Njie",
    "averageProductLife": 48,
    "minimumDaysBeforeExpire": 5,
    "averageUnitWeight": 210,
    "weight": 210,
    "isMixable": false,
    "idRequired": 0,
    "tagNames": [],
    "featured": false,
    "campaignRank": 86,
    "availableQuantities": [
      {
        "quantity": 40,
        "quantityKey": "dw-14408"
      },
      {
        "quantity": 40,
        "quantityKey": "dw-14400"
      },
      {
        "quantity": 40,
        "quantityKey": "dw-14426"
      },
      {
        "quantity": 40,
        "quantityKey": "dw-14450"
      },
      {
        "quantity": 40,
        "quantityKey": "dw-14436"
      },
      {
        "quantity": 40,
        "quantityKey": "dw-14414"
      },
      {
        "quantity": 40,
        "quantityKey": "dw-14452"
      },
      {
        "quantity": 40,
        "quantityKey": "dw-14468"
      },
      {
        "quantity": 40,
        "quantityKey": "dw-14460"
      },
      {
        "quantity": 40,
        "quantityKey": "dw-14398"
      },
      {
        "quantity": 40,
        "quantityKey": "dw-14444"
      },
      {
        "quantity": 40,
        "quantityKey": "dw-14392"
      },
      {
        "quantity": 40,
        "quantityKey": "dw-14434"
      },
      {
        "quantity": 40,
        "quantityKey": "dw-14458"
      },
      {
        "quantity": 40,
        "quantityKey": "dw-14466"
      },
      {
        "quantity": 40,
        "quantityKey": "dw-14406"
      },
      {
        "quantity": 40,
        "quantityKey": "dw-14390"
      },
      {
        "quantity": 40,
        "quantityKey": "dw-14422"
      },
      {
        "quantity": 40,
        "quantityKey": "dw-14428"
      },
      {
        "quantity": 40,
        "quantityKey": "dw-14478"
      },
      {
        "quantity": 40,
        "quantityKey": "dw-14474"
      },
      {
        "quantity": 40,
        "quantityKey": "dw-14416"
      },
      {
        "quantity": 40,
        "quantityKey": "dw-14442"
      },
      {
        "quantity": 40,
        "quantityKey": "dw-14480"
      },
      {
        "quantity": 40,
        "quantityKey": "default"
      }
    ],
    "emission": 0,
    "allergies": [
      {
        "id": 7,
        "infoSource": null,
        "level": {
          "enumType": "se.mat.mycroft.enums.AllergyLevel",
          "name": "CONTAINS"
        },
        "substanceName": "Mjölk"
      }
    ],
    "warehouseProductMappingId": null,
    "productRelationship": {
      "canBeReplacedWithProductIds": [],
      "canBeSubstitutedWithProductIds": [],
      "sameContentProductIds": []
    },
    "soldCount": 2263,
    "variety": "",
    "isAgreeWithPersonalTerms": null,
    "hasDeclinedPersonalAgreement": null,
    "probability": null,
    "productCountries": [],
    "productVarieties": [],
    "productBanner": null,
    "isShowOnTopProduct": false,
    "primaryCategoryNamePath": "Mat.se Göteborg/Mejeri, Juice & Ägg/Proteinmål/Pudding"
  },
  {
    "id": 79477,
    "dateCreated": "Fri May 27 13:11:36 CEST 2016",
    "name": "Proteinpudding Vanilj Laktosfri",
    "showPrice": "20,50  kr",
    "friendlyUrl": "propud-vanilj-njie-200g",
    "formattedName": "Proteinpudding Vanilj Laktosfri",
    "ean": "73143628",
    "countryOfOrigin": "DE",
    "translatedCountryName": "Tyskland",
    "labelTags": [
      {
        "id": 15,
        "name": "Särnär fri från laktos",
        "tag": "fri_laktos"
      }
    ],
    "hasImage": true,
    "imageUrl": "https://d1hr6nb56yyl1.cloudfront.net/product-images/79477-150.jpg",
    "brand": {
      "id": 1518,
      "name": "NJIE"
    },
    "categories": [
      {
        "id": 10264,
        "name": "Pudding"
      },
      {
        "id": 9230,
        "name": "Proteintillskott"
      },
      {
        "id": 11482,
        "name": "Proteinpudding"
      }
    ],
    "displayBrand": "NJIE",
    "favouriteCount": 993,
    "active": true,
    "inStockQuantity": 25,
    "orderable": true,
    "price": 20.5,
    "priceWithoutVat": 18.3035714286,
    "recommendedRetailPrice": null,
    "readableComparisonPrice": "102,50 kr/kg",
    "discount": null,
    "discountedPrice": 0,
    "size": "200G",
    "weightProduct": false,
    "vat": 12,
    "content": "Högpastöriserad MJÖLK/MELK/MÆLK, MJÖLKPROTEIN/MELKEPROTEIN/ MÆLKEPROTEIN, koncentrat av safflor, stabiliseringsmedel/stabilisator (cellulosagummi, karragenan), antioxidationsmedel (polyfosfater), sötningsmedel/søtstoffer (acesulfam K, steviolglykosider), arom, laktasenzym. Innehåller naturligt förekommande socker/Med et naturlig innhold av sukker.",
    "nutrition": "Näringsvärde per 100 Gram\nenergi 315 Kilojoule\nenergi 75 Kilokalori\nfett 1.5 Gram\nvarav mättat fett 1 Gram\nkolhydrat 4.8 Gram\nvarav sockerarter 4.5 Gram\nprotein 10 Gram\nsalt 0.3 Gram",
    "durability": null,
    "recycling": null,
    "detail": "NJIE ProPud Protein Pudding Vanilla - en krämig och god pudding med smak av vanilj Utan tillsatt socker, laktosfri och med 20 g protein per burk.\n\nKan förvaras i rumstemperatur. Öppnad förpackning förvaras i kyl. Används inom 2 dagar.",
    "storage": "Kan förvaras i rumstemperatur. Öppnad förpackning förvaras i kyl. Används inom 2 dagar.",
    "combinedNameWithBrand": "Proteinpudding Vanilj Laktosfri Njie",
    "averageProductLife": 97.2,
    "minimumDaysBeforeExpire": 5,
    "averageUnitWeight": 213,
    "weight": 213,
    "isMixable": false,
    "idRequired": 0,
    "tagNames": [
      "pro",
      "proteinpudding",
      "pudding",
      "mellanmål",
      "pud",
      "Protein",
      "träning",
      "Vanilj",
      "vaniljsmak"
    ],
    "featured": false,
    "campaignRank": 88,
    "availableQuantities": [
      {
        "quantity": 25,
        "quantityKey": "dw-14480"
      },
      {
        "quantity": 25,
        "quantityKey": "dw-14398"
      },
      {
        "quantity": 25,
        "quantityKey": "dw-14444"
      },
      {
        "quantity": 25,
        "quantityKey": "dw-14452"
      },
      {
        "quantity": 25,
        "quantityKey": "dw-14458"
      },
      {
        "quantity": 25,
        "quantityKey": "dw-14428"
      },
      {
        "quantity": 25,
        "quantityKey": "dw-14400"
      },
      {
        "quantity": 25,
        "quantityKey": "default"
      },
      {
        "quantity": 25,
        "quantityKey": "dw-14466"
      },
      {
        "quantity": 25,
        "quantityKey": "dw-14392"
      },
      {
        "quantity": 25,
        "quantityKey": "dw-14416"
      },
      {
        "quantity": 25,
        "quantityKey": "dw-14434"
      },
      {
        "quantity": 25,
        "quantityKey": "dw-14426"
      },
      {
        "quantity": 25,
        "quantityKey": "dw-14436"
      },
      {
        "quantity": 25,
        "quantityKey": "dw-14478"
      },
      {
        "quantity": 25,
        "quantityKey": "dw-14408"
      },
      {
        "quantity": 25,
        "quantityKey": "dw-14414"
      },
      {
        "quantity": 25,
        "quantityKey": "dw-14468"
      },
      {
        "quantity": 25,
        "quantityKey": "dw-14390"
      },
      {
        "quantity": 25,
        "quantityKey": "dw-14450"
      },
      {
        "quantity": 25,
        "quantityKey": "dw-14442"
      },
      {
        "quantity": 25,
        "quantityKey": "dw-14460"
      },
      {
        "quantity": 25,
        "quantityKey": "dw-14406"
      },
      {
        "quantity": 25,
        "quantityKey": "dw-14474"
      },
      {
        "quantity": 25,
        "quantityKey": "dw-14422"
      }
    ],
    "emission": 0,
    "allergies": [
      {
        "id": 7,
        "infoSource": null,
        "level": {
          "enumType": "se.mat.mycroft.enums.AllergyLevel",
          "name": "CONTAINS"
        },
        "substanceName": "Mjölk"
      }
    ],
    "warehouseProductMappingId": null,
    "productRelationship": {
      "canBeReplacedWithProductIds": [],
      "canBeSubstitutedWithProductIds": [],
      "sameContentProductIds": [
        82620
      ]
    },
    "soldCount": 7836,
    "variety": "",
    "isAgreeWithPersonalTerms": null,
    "hasDeclinedPersonalAgreement": null,
    "probability": null,
    "productCountries": [],
    "productVarieties": [],
    "productBanner": null,
    "isShowOnTopProduct": false,
    "primaryCategoryNamePath": "Mat.se Göteborg/Mejeri, Juice & Ägg/Proteinmål/Pudding"
  },
  {
    "id": 93859,
    "dateCreated": "Fri Oct 20 13:36:38 CEST 2017",
    "name": "Milkshake Strawberry",
    "showPrice": "24,50  kr",
    "friendlyUrl": "protein-milkshake-strawberry-barebells-330-ml",
    "formattedName": "Milkshake Strawberry",
    "ean": "7340001800685",
    "countryOfOrigin": "AT",
    "translatedCountryName": "Österrike",
    "labelTags": [
      {
        "id": 15,
        "name": "Särnär fri från laktos",
        "tag": "fri_laktos"
      }
    ],
    "hasImage": true,
    "imageUrl": "https://d1hr6nb56yyl1.cloudfront.net/product-images/93859-150.jpg",
    "brand": {
      "id": 3423,
      "name": "Barebells"
    },
    "categories": [
      {
        "id": 9230,
        "name": "Proteintillskott"
      },
      {
        "id": 9326,
        "name": "Hälsodrycker"
      },
      {
        "id": 11478,
        "name": "Proteindryck"
      }
    ],
    "displayBrand": "Barebells",
    "favouriteCount": 391,
    "active": true,
    "inStockQuantity": 27,
    "orderable": true,
    "price": 24.5,
    "priceWithoutVat": 21.875,
    "recommendedRetailPrice": null,
    "readableComparisonPrice": "74,24 kr/l",
    "discount": null,
    "discountedPrice": 0,
    "size": "330ML",
    "weightProduct": false,
    "vat": 12,
    "content": "MJÖLK/MÆLK, vatten/vand, MJÖLK/MÆLKEPROTEIN, kakaosmör, arom (jordgubb/jordbær), stabiliseringsmedel/stabilisator (cellulosa, karboxi- metylcellulosa, karragenan), sötningsmedel/sødestof (acesulfam-K, sukr- alos), färgämne/fargestoff (karoten), laktas. UHT-behandlad. Innehåller naturligt förekommande sockerarter/med et naturligt indhold af sukker.",
    "nutrition": "Näringsvärde per 100 Milliliter\nenergi 235 Kilojoule\nenergi 56 Kilokalori\nfett 1.4 Gram\nvarav mättat fett 0.9 Gram\nkolhydrat 3.5 Gram\nvarav sockerarter 3.5 Gram\nprotein 7.3 Gram\nsalt 0.22 Gram",
    "durability": null,
    "recycling": null,
    "detail": "Proteinrik milkshake med smak av jordgubb. Innehåller sötningsmedel.\n\nSkakas före servering. Serveras kallt.\n\nKan förvaras i rumstemperatur. Öppnad förpackning förvaras i kylskåp och bör förtäras inom 24 timmar.",
    "storage": "Kan förvaras i rumstemperatur. Öppnad förpackning förvaras i kylskåp och bör förtäras inom 24 timmar.",
    "combinedNameWithBrand": "Milkshake Strawberry Barebells",
    "averageProductLife": 0,
    "minimumDaysBeforeExpire": 5,
    "averageUnitWeight": 375,
    "weight": 375,
    "isMixable": false,
    "idRequired": 0,
    "tagNames": [],
    "featured": false,
    "campaignRank": 227,
    "availableQuantities": [
      {
        "quantity": 27,
        "quantityKey": "dw-14390"
      },
      {
        "quantity": 27,
        "quantityKey": "dw-14408"
      },
      {
        "quantity": 27,
        "quantityKey": "dw-14452"
      },
      {
        "quantity": 27,
        "quantityKey": "dw-14422"
      },
      {
        "quantity": 27,
        "quantityKey": "dw-14478"
      },
      {
        "quantity": 27,
        "quantityKey": "dw-14414"
      },
      {
        "quantity": 27,
        "quantityKey": "dw-14434"
      },
      {
        "quantity": 27,
        "quantityKey": "dw-14392"
      },
      {
        "quantity": 27,
        "quantityKey": "dw-14466"
      },
      {
        "quantity": 27,
        "quantityKey": "dw-14416"
      },
      {
        "quantity": 27,
        "quantityKey": "dw-14436"
      },
      {
        "quantity": 27,
        "quantityKey": "dw-14460"
      },
      {
        "quantity": 27,
        "quantityKey": "dw-14400"
      },
      {
        "quantity": 27,
        "quantityKey": "default"
      },
      {
        "quantity": 27,
        "quantityKey": "dw-14444"
      },
      {
        "quantity": 27,
        "quantityKey": "dw-14398"
      },
      {
        "quantity": 27,
        "quantityKey": "dw-14480"
      },
      {
        "quantity": 27,
        "quantityKey": "dw-14450"
      },
      {
        "quantity": 27,
        "quantityKey": "dw-14406"
      },
      {
        "quantity": 27,
        "quantityKey": "dw-14458"
      },
      {
        "quantity": 27,
        "quantityKey": "dw-14474"
      },
      {
        "quantity": 27,
        "quantityKey": "dw-14428"
      },
      {
        "quantity": 27,
        "quantityKey": "dw-14468"
      },
      {
        "quantity": 27,
        "quantityKey": "dw-14442"
      },
      {
        "quantity": 27,
        "quantityKey": "dw-14426"
      }
    ],
    "emission": 0,
    "allergies": [
      {
        "id": 7,
        "infoSource": null,
        "level": {
          "enumType": "se.mat.mycroft.enums.AllergyLevel",
          "name": "CONTAINS"
        },
        "substanceName": "Mjölk"
      }
    ],
    "warehouseProductMappingId": null,
    "productRelationship": {
      "canBeReplacedWithProductIds": [],
      "canBeSubstitutedWithProductIds": [],
      "sameContentProductIds": []
    },
    "soldCount": 2847,
    "variety": "",
    "isAgreeWithPersonalTerms": null,
    "hasDeclinedPersonalAgreement": null,
    "probability": null,
    "productCountries": [],
    "productVarieties": [],
    "productBanner": null,
    "isShowOnTopProduct": false,
    "primaryCategoryNamePath": "Mat.se Göteborg/Apoteksvaror/Vitaminer, Hälso- & Kosttillskott/Proteintillskott"
  },
  {
    "id": 90633,
    "dateCreated": "Thu May 04 12:31:10 CEST 2017",
    "name": "Protein Bar Cookies And Cream",
    "showPrice": "25,50  kr",
    "friendlyUrl": "protein-bar-cookies-cream-barbells-55g",
    "formattedName": "Protein Bar Cookies And Cream",
    "ean": "7340001800203",
    "countryOfOrigin": "HR",
    "translatedCountryName": "Kroatien",
    "labelTags": [],
    "hasImage": true,
    "imageUrl": "https://d1hr6nb56yyl1.cloudfront.net/product-images/90633-150.jpg",
    "brand": {
      "id": 3423,
      "name": "Barebells"
    },
    "categories": [
      {
        "id": 4336,
        "name": "Bars"
      },
      {
        "id": 11474,
        "name": "Bars"
      },
      {
        "id": 9230,
        "name": "Proteintillskott"
      }
    ],
    "displayBrand": "Barebells",
    "favouriteCount": 709,
    "active": true,
    "inStockQuantity": 16,
    "orderable": true,
    "price": 25.5,
    "priceWithoutVat": 22.7678571429,
    "recommendedRetailPrice": null,
    "readableComparisonPrice": "463,64 kr/kg",
    "discount": null,
    "discountedPrice": 0,
    "size": "55G",
    "weightProduct": false,
    "vat": 12,
    "content": "MJÖLKPROTEIN, MJÖLKCHOKLAD (24%) (sötningsmedel: maltitol, kakaosmör, HELMJÖLKPULVER, kakaomassa, emulgeringsmedel (SOJALECITIN), aromer), fuktighetsbevarande medel: glycerol, isomalto-oligosackarider, kollagenpeptider, vatten, SOJAKRISP (SOJAPROTEINISOLAT, kakao, tapiokastärkelse), palmfett, aromer, sötningsmedel: sukralos, acesulfam-K.",
    "nutrition": "Näringsvärde per 100 Gram\nenergi 1489 Kilojoule\nenergi 356 Kilokalori\nfett 12 Gram\nvarav mättat fett 7.5 Gram\nkolhydrat 29 Gram\nvarav sockerarter 3.1 Gram\nfiber 6.1 Gram\nprotein 38 Gram\nsalt 0.32 Gram",
    "durability": null,
    "recycling": null,
    "detail": "Proteinbar med mjölkchokladöverdrag. Smak av Cookies & Cream. Innehåller sötningsmedel.\n\nÖverdriven konsumtion kan ha laxerande effekt. \nÅtervinns som plastförpackning.\n\nFörpackningen kan förvaras i rumstemperatur.",
    "storage": "Förpackningen kan förvaras i rumstemperatur.",
    "combinedNameWithBrand": "Protein Bar Cookies And Cream Barebells",
    "averageProductLife": 0,
    "minimumDaysBeforeExpire": 31,
    "averageUnitWeight": 56,
    "weight": 56,
    "isMixable": false,
    "idRequired": 0,
    "tagNames": [
      "proteinbar",
      "Protein",
      "hälsa",
      "träna",
      "träning"
    ],
    "featured": false,
    "campaignRank": 236,
    "availableQuantities": [
      {
        "quantity": 16,
        "quantityKey": "dw-14442"
      },
      {
        "quantity": 12,
        "quantityKey": "dw-14392"
      },
      {
        "quantity": 16,
        "quantityKey": "dw-14400"
      },
      {
        "quantity": 16,
        "quantityKey": "dw-14466"
      },
      {
        "quantity": 16,
        "quantityKey": "dw-14428"
      },
      {
        "quantity": 16,
        "quantityKey": "dw-14458"
      },
      {
        "quantity": 16,
        "quantityKey": "dw-14468"
      },
      {
        "quantity": 16,
        "quantityKey": "dw-14416"
      },
      {
        "quantity": 16,
        "quantityKey": "dw-14436"
      },
      {
        "quantity": 16,
        "quantityKey": "dw-14426"
      },
      {
        "quantity": 16,
        "quantityKey": "dw-14460"
      },
      {
        "quantity": 16,
        "quantityKey": "dw-14422"
      },
      {
        "quantity": 16,
        "quantityKey": "dw-14452"
      },
      {
        "quantity": 16,
        "quantityKey": "dw-14408"
      },
      {
        "quantity": 16,
        "quantityKey": "dw-14444"
      },
      {
        "quantity": 16,
        "quantityKey": "dw-14478"
      },
      {
        "quantity": 16,
        "quantityKey": "dw-14414"
      },
      {
        "quantity": 16,
        "quantityKey": "dw-14450"
      },
      {
        "quantity": 16,
        "quantityKey": "dw-14474"
      },
      {
        "quantity": 16,
        "quantityKey": "dw-14480"
      },
      {
        "quantity": 12,
        "quantityKey": "dw-14398"
      },
      {
        "quantity": 12,
        "quantityKey": "dw-14390"
      },
      {
        "quantity": 16,
        "quantityKey": "dw-14406"
      },
      {
        "quantity": 16,
        "quantityKey": "default"
      },
      {
        "quantity": 16,
        "quantityKey": "dw-14434"
      }
    ],
    "emission": 0,
    "allergies": [
      {
        "id": 1,
        "infoSource": null,
        "level": {
          "enumType": "se.mat.mycroft.enums.AllergyLevel",
          "name": "TRACES"
        },
        "substanceName": "Gluten"
      },
      {
        "id": 5,
        "infoSource": null,
        "level": {
          "enumType": "se.mat.mycroft.enums.AllergyLevel",
          "name": "TRACES"
        },
        "substanceName": "Jordnötter"
      },
      {
        "id": 10,
        "infoSource": null,
        "level": {
          "enumType": "se.mat.mycroft.enums.AllergyLevel",
          "name": "TRACES"
        },
        "substanceName": "Nötter"
      },
      {
        "id": 3,
        "infoSource": null,
        "level": {
          "enumType": "se.mat.mycroft.enums.AllergyLevel",
          "name": "TRACES"
        },
        "substanceName": "Ägg"
      },
      {
        "id": 7,
        "infoSource": null,
        "level": {
          "enumType": "se.mat.mycroft.enums.AllergyLevel",
          "name": "CONTAINS"
        },
        "substanceName": "Mjölk"
      },
      {
        "id": 6,
        "infoSource": null,
        "level": {
          "enumType": "se.mat.mycroft.enums.AllergyLevel",
          "name": "CONTAINS"
        },
        "substanceName": "Sojabönor"
      }
    ],
    "warehouseProductMappingId": null,
    "productRelationship": {
      "canBeReplacedWithProductIds": [],
      "canBeSubstitutedWithProductIds": [
        93849,
        94959,
        29294
      ],
      "sameContentProductIds": []
    },
    "soldCount": 5229,
    "variety": "",
    "isAgreeWithPersonalTerms": null,
    "hasDeclinedPersonalAgreement": null,
    "probability": null,
    "productCountries": [],
    "productVarieties": [],
    "productBanner": null,
    "isShowOnTopProduct": false,
    "primaryCategoryNamePath": "Mat.se Göteborg/Apoteksvaror/Vitaminer, Hälso- & Kosttillskott/Bars"
  },
  {
    "id": 67358,
    "dateCreated": "Fri Sep 18 14:42:20 CEST 2015",
    "name": "Proteinpudding Choklad Laktosfri",
    "showPrice": "20,50  kr",
    "friendlyUrl": "proteinpudding-choklad-njie-200g",
    "formattedName": "Proteinpudding Choklad Laktosfri",
    "ean": "73143611",
    "countryOfOrigin": "DE",
    "translatedCountryName": "Tyskland",
    "labelTags": [
      {
        "id": 15,
        "name": "Särnär fri från laktos",
        "tag": "fri_laktos"
      }
    ],
    "hasImage": true,
    "imageUrl": "https://d1hr6nb56yyl1.cloudfront.net/product-images/67358-150.jpg",
    "brand": {
      "id": 1518,
      "name": "NJIE"
    },
    "categories": [
      {
        "id": 11482,
        "name": "Proteinpudding"
      },
      {
        "id": 10264,
        "name": "Pudding"
      },
      {
        "id": 9230,
        "name": "Proteintillskott"
      }
    ],
    "displayBrand": "NJIE",
    "favouriteCount": 1862,
    "active": true,
    "inStockQuantity": 20,
    "orderable": true,
    "price": 20.5,
    "priceWithoutVat": 18.3035714286,
    "recommendedRetailPrice": null,
    "readableComparisonPrice": "102,50 kr/kg",
    "discount": null,
    "discountedPrice": 0,
    "size": "200G",
    "weightProduct": false,
    "vat": 12,
    "content": "Högpastöriserad MJÖLK/MELK/MÆLK, MJÖLKPROTEIN/MELKEPROTEIN/MÆLKEPROTEIN, fettreducerad kakao (1,8%), stabiliseringsmedel/stabilisator (cellulosagummi, karragenan), antioxidationsmedel (natriumfosfater), sötningsmedel/søtstoffer (acesulfam K, steviolglykosider), arom, laktasenzym. Innehåller naturligt förekommande socker/Med et naturlig innhold av sukker.",
    "nutrition": "Näringsvärde per 100 Gram\nenergi 315 Kilojoule\nenergi 75 Kilokalori\nfett 1.5 Gram\nvarav mättat fett 1 Gram\nkolhydrat 4.8 Gram\nvarav sockerarter 4.5 Gram\nprotein 10 Gram\nsalt 0.3 Gram",
    "durability": null,
    "recycling": null,
    "detail": "NJIE ProPud Protein Pudding Chocolate - en krämig och god pudding med chokladsmak. Utan tillsatt socker, laktosfri och med 20 g protein per burk.\n\nKan förvaras i rumstemperatur. Öppnad förpackning förvaras i kyl. Används inom 2 dagar.",
    "storage": "Kan förvaras i rumstemperatur. Öppnad förpackning förvaras i kyl. Används inom 2 dagar.",
    "combinedNameWithBrand": "Proteinpudding Choklad Laktosfri Njie",
    "averageProductLife": 104.3,
    "minimumDaysBeforeExpire": 5,
    "averageUnitWeight": 213,
    "weight": 213,
    "isMixable": false,
    "idRequired": 0,
    "tagNames": [
      "pudding",
      "proteinpudding",
      "mellanmål",
      "träning",
      "pro",
      "Choklad",
      "chokladsmak",
      "chokladpudding",
      "pud",
      "Protein"
    ],
    "featured": false,
    "campaignRank": 2147483647,
    "availableQuantities": [
      {
        "quantity": 20,
        "quantityKey": "dw-14478"
      },
      {
        "quantity": 20,
        "quantityKey": "dw-14474"
      },
      {
        "quantity": 20,
        "quantityKey": "dw-14408"
      },
      {
        "quantity": 13,
        "quantityKey": "dw-14398"
      },
      {
        "quantity": 20,
        "quantityKey": "dw-14426"
      },
      {
        "quantity": 13,
        "quantityKey": "dw-14406"
      },
      {
        "quantity": 20,
        "quantityKey": "dw-14452"
      },
      {
        "quantity": 20,
        "quantityKey": "dw-14434"
      },
      {
        "quantity": 13,
        "quantityKey": "dw-14400"
      },
      {
        "quantity": 20,
        "quantityKey": "dw-14414"
      },
      {
        "quantity": 20,
        "quantityKey": "dw-14450"
      },
      {
        "quantity": 20,
        "quantityKey": "dw-14428"
      },
      {
        "quantity": 20,
        "quantityKey": "dw-14480"
      },
      {
        "quantity": 20,
        "quantityKey": "dw-14468"
      },
      {
        "quantity": 20,
        "quantityKey": "dw-14422"
      },
      {
        "quantity": 20,
        "quantityKey": "dw-14416"
      },
      {
        "quantity": 13,
        "quantityKey": "dw-14392"
      },
      {
        "quantity": 20,
        "quantityKey": "dw-14444"
      },
      {
        "quantity": 20,
        "quantityKey": "dw-14460"
      },
      {
        "quantity": 20,
        "quantityKey": "dw-14442"
      },
      {
        "quantity": 20,
        "quantityKey": "default"
      },
      {
        "quantity": 20,
        "quantityKey": "dw-14436"
      },
      {
        "quantity": 20,
        "quantityKey": "dw-14458"
      },
      {
        "quantity": 13,
        "quantityKey": "dw-14390"
      },
      {
        "quantity": 20,
        "quantityKey": "dw-14466"
      }
    ],
    "emission": 0,
    "allergies": [
      {
        "id": 7,
        "infoSource": null,
        "level": {
          "enumType": "se.mat.mycroft.enums.AllergyLevel",
          "name": "CONTAINS"
        },
        "substanceName": "Mjölk"
      }
    ],
    "warehouseProductMappingId": null,
    "productRelationship": {
      "canBeReplacedWithProductIds": [],
      "canBeSubstitutedWithProductIds": [],
      "sameContentProductIds": [
        82619
      ]
    },
    "soldCount": 18005,
    "variety": "",
    "isAgreeWithPersonalTerms": null,
    "hasDeclinedPersonalAgreement": null,
    "probability": null,
    "productCountries": [],
    "productVarieties": [],
    "productBanner": null,
    "isShowOnTopProduct": false,
    "primaryCategoryNamePath": "Mat.se Göteborg/Hälsa & Träning/Proteinpudding"
  },
  {
    "id": 93858,
    "dateCreated": "Fri Oct 20 13:36:38 CEST 2017",
    "name": "Milkshake Chocolate",
    "showPrice": "24,50  kr",
    "friendlyUrl": "protein-milkshake-chocolate-barebells-330-ml",
    "formattedName": "Milkshake Chocolate",
    "ean": "7340001800708",
    "countryOfOrigin": "AT",
    "translatedCountryName": "Österrike",
    "labelTags": [
      {
        "id": 15,
        "name": "Särnär fri från laktos",
        "tag": "fri_laktos"
      }
    ],
    "hasImage": true,
    "imageUrl": "https://d1hr6nb56yyl1.cloudfront.net/product-images/93858-150.jpg",
    "brand": {
      "id": 3423,
      "name": "Barebells"
    },
    "categories": [
      {
        "id": 11478,
        "name": "Proteindryck"
      },
      {
        "id": 9326,
        "name": "Hälsodrycker"
      },
      {
        "id": 9230,
        "name": "Proteintillskott"
      }
    ],
    "displayBrand": "Barebells",
    "favouriteCount": 464,
    "active": true,
    "inStockQuantity": 24,
    "orderable": true,
    "price": 24.5,
    "priceWithoutVat": 21.875,
    "recommendedRetailPrice": null,
    "readableComparisonPrice": "74,24 kr/l",
    "discount": null,
    "discountedPrice": 0,
    "size": "330ML",
    "weightProduct": false,
    "vat": 12,
    "content": "MJÖLK/MÆLK, vatten/vand, MJÖLK/MÆLKEPROTEIN, kakao (0,9 %), arom (choklad), stabiliseringsmedel/stabilisator (cellulosa, karboximetylcellulosa, karragenan), sötningsmedel/sødestof (acesulfam-K, sukralos), laktas. UHT-behandlad. Innehåller naturligt förekommande sockerarter/ med et naturligt indhold af sukker.",
    "nutrition": "Näringsvärde per 100 Milliliter\nenergi 232 Kilojoule\nenergi 55 Kilokalori\nfett 1.3 Gram\nvarav mättat fett 0.8 Gram\nkolhydrat 3.5 Gram\nvarav sockerarter 3.4 Gram\nprotein 7.3 Gram\nsalt 0.21 Gram",
    "durability": null,
    "recycling": null,
    "detail": "Proteinrik milkshake med smak av choklad. Innehåller sötningsmedel.\n\nSkakas före servering. Serveras kallt.\n\nKan förvaras i rumstemperatur. Öppnad förpackning förvaras i kylskåp och bör förtäras inom 24 timmar.",
    "storage": "Kan förvaras i rumstemperatur. Öppnad förpackning förvaras i kylskåp och bör förtäras inom 24 timmar.",
    "combinedNameWithBrand": "Milkshake Chocolate Barebells",
    "averageProductLife": 0,
    "minimumDaysBeforeExpire": 5,
    "averageUnitWeight": 376,
    "weight": 376,
    "isMixable": false,
    "idRequired": 0,
    "tagNames": [],
    "featured": false,
    "campaignRank": 106,
    "availableQuantities": [
      {
        "quantity": 24,
        "quantityKey": "default"
      },
      {
        "quantity": 24,
        "quantityKey": "dw-14436"
      },
      {
        "quantity": 24,
        "quantityKey": "dw-14428"
      },
      {
        "quantity": 24,
        "quantityKey": "dw-14444"
      },
      {
        "quantity": 24,
        "quantityKey": "dw-14458"
      },
      {
        "quantity": 24,
        "quantityKey": "dw-14480"
      },
      {
        "quantity": 24,
        "quantityKey": "dw-14416"
      },
      {
        "quantity": 24,
        "quantityKey": "dw-14426"
      },
      {
        "quantity": 24,
        "quantityKey": "dw-14468"
      },
      {
        "quantity": 24,
        "quantityKey": "dw-14422"
      },
      {
        "quantity": 24,
        "quantityKey": "dw-14406"
      },
      {
        "quantity": 24,
        "quantityKey": "dw-14450"
      },
      {
        "quantity": 24,
        "quantityKey": "dw-14408"
      },
      {
        "quantity": 24,
        "quantityKey": "dw-14400"
      },
      {
        "quantity": 24,
        "quantityKey": "dw-14452"
      },
      {
        "quantity": 16,
        "quantityKey": "dw-14392"
      },
      {
        "quantity": 24,
        "quantityKey": "dw-14478"
      },
      {
        "quantity": 24,
        "quantityKey": "dw-14434"
      },
      {
        "quantity": 24,
        "quantityKey": "dw-14442"
      },
      {
        "quantity": 24,
        "quantityKey": "dw-14466"
      },
      {
        "quantity": 24,
        "quantityKey": "dw-14414"
      },
      {
        "quantity": 24,
        "quantityKey": "dw-14460"
      },
      {
        "quantity": 24,
        "quantityKey": "dw-14474"
      },
      {
        "quantity": 16,
        "quantityKey": "dw-14398"
      }
    ],
    "emission": 0,
    "allergies": [
      {
        "id": 7,
        "infoSource": null,
        "level": {
          "enumType": "se.mat.mycroft.enums.AllergyLevel",
          "name": "CONTAINS"
        },
        "substanceName": "Mjölk"
      }
    ],
    "warehouseProductMappingId": null,
    "productRelationship": {
      "canBeReplacedWithProductIds": [],
      "canBeSubstitutedWithProductIds": [],
      "sameContentProductIds": []
    },
    "soldCount": 3321,
    "variety": "",
    "isAgreeWithPersonalTerms": null,
    "hasDeclinedPersonalAgreement": null,
    "probability": null,
    "productCountries": [],
    "productVarieties": [],
    "productBanner": null,
    "isShowOnTopProduct": false,
    "primaryCategoryNamePath": "Mat.se Göteborg/Hälsa & Träning/Proteindryck"
  },
  {
    "id": 90713,
    "dateCreated": "Fri Oct 27 09:27:34 CEST 2017",
    "name": "Protein Bar Peanut Seasalt",
    "showPrice": "25,50  kr",
    "friendlyUrl": "protein-bar-salty-peanut-barebells-55-g",
    "formattedName": "Protein Bar Peanut Seasalt",
    "ean": "7340001800715",
    "countryOfOrigin": "HR",
    "translatedCountryName": "Kroatien",
    "labelTags": [],
    "hasImage": true,
    "imageUrl": "https://d1hr6nb56yyl1.cloudfront.net/product-images/90713-150.jpg",
    "brand": {
      "id": 3423,
      "name": "Barebells"
    },
    "categories": [
      {
        "id": 4336,
        "name": "Bars"
      },
      {
        "id": 9230,
        "name": "Proteintillskott"
      },
      {
        "id": 11474,
        "name": "Bars"
      }
    ],
    "displayBrand": "Barebells",
    "favouriteCount": 974,
    "active": true,
    "inStockQuantity": 17,
    "orderable": true,
    "price": 25.5,
    "priceWithoutVat": 22.7678571429,
    "recommendedRetailPrice": null,
    "readableComparisonPrice": "463,64 kr/kg",
    "discount": null,
    "discountedPrice": 0,
    "size": "55G",
    "weightProduct": false,
    "vat": 12,
    "content": "MJÖLKPROTEIN, MJÖLKCHOKLAD (22%), (sötningsmedel: maltitol, kakaosmör, HELMJÖLKSPULVER, kakaomassa, emulgeringsmedel: SOJALECITIN, aromer), fuktighetsbevarande medel: glycerol, isomalto-oligosackarider, kollagenpeptider, JORDNÖTTER (4,0%), vit choklad (3,8%) (sötningsmedel: maltitol, kakaosmör, HELMJÖLKSPULVER, emulgeringsmedel: SOJALECITIN, aromer), SOJAKRISP (SOJAPROTEIN, kakao, tapiokastärkelse), palmfett, JORDNÖTspasta(1,3%), fettreducerat kakaopulver, aromer, salt, sötningsmedel: sukralos, acesulfam K.",
    "nutrition": "Näringsvärde per 100 Gram\nenergi 1519 Kilojoule\nenergi 364 Kilokalori\nfett 15 Gram\nvarav mättat fett 8 Gram\nkolhydrat 27 Gram\nvarav sockerarter 2.8 Gram\nfiber 7.1 Gram\nprotein 36 Gram\nsalt 0.46 Gram",
    "durability": null,
    "recycling": null,
    "detail": "Proteinbar med mjölkchokladöverdrag och smak av salta nötter. Innehåller sötningsmedel och naturligt förekommande sockerarter.\n\nÖverdriven konsumtion kan ha laxerande effekt. Återvinns som plastförpackning.\n\nKan förvaras i rumstemperatur",
    "storage": "Kan förvaras i rumstemperatur",
    "combinedNameWithBrand": "Protein Bar Peanut Seasalt Barebells",
    "averageProductLife": 0,
    "minimumDaysBeforeExpire": 31,
    "averageUnitWeight": 56,
    "weight": 56,
    "isMixable": false,
    "idRequired": 0,
    "tagNames": [
      "caramel",
      "proteinbar",
      "Socker",
      "tillsatt",
      "utan",
      "Jordnöt",
      "UTS",
      "salta",
      "Jordnötter"
    ],
    "featured": false,
    "campaignRank": 235,
    "availableQuantities": [
      {
        "quantity": 17,
        "quantityKey": "dw-14422"
      },
      {
        "quantity": 17,
        "quantityKey": "dw-14474"
      },
      {
        "quantity": 17,
        "quantityKey": "dw-14400"
      },
      {
        "quantity": 17,
        "quantityKey": "dw-14452"
      },
      {
        "quantity": 17,
        "quantityKey": "dw-14408"
      },
      {
        "quantity": 17,
        "quantityKey": "dw-14468"
      },
      {
        "quantity": 17,
        "quantityKey": "dw-14442"
      },
      {
        "quantity": 17,
        "quantityKey": "dw-14416"
      },
      {
        "quantity": 17,
        "quantityKey": "dw-14426"
      },
      {
        "quantity": 17,
        "quantityKey": "dw-14460"
      },
      {
        "quantity": 17,
        "quantityKey": "dw-14478"
      },
      {
        "quantity": 17,
        "quantityKey": "dw-14414"
      },
      {
        "quantity": 17,
        "quantityKey": "dw-14436"
      },
      {
        "quantity": 17,
        "quantityKey": "dw-14458"
      },
      {
        "quantity": 17,
        "quantityKey": "default"
      },
      {
        "quantity": 17,
        "quantityKey": "dw-14444"
      },
      {
        "quantity": 17,
        "quantityKey": "dw-14466"
      },
      {
        "quantity": 17,
        "quantityKey": "dw-14428"
      },
      {
        "quantity": 17,
        "quantityKey": "dw-14450"
      },
      {
        "quantity": 17,
        "quantityKey": "dw-14480"
      },
      {
        "quantity": 17,
        "quantityKey": "dw-14406"
      },
      {
        "quantity": 17,
        "quantityKey": "dw-14434"
      }
    ],
    "emission": 0,
    "allergies": [
      {
        "id": 10,
        "infoSource": null,
        "level": {
          "enumType": "se.mat.mycroft.enums.AllergyLevel",
          "name": "TRACES"
        },
        "substanceName": "Nötter"
      },
      {
        "id": 1,
        "infoSource": null,
        "level": {
          "enumType": "se.mat.mycroft.enums.AllergyLevel",
          "name": "TRACES"
        },
        "substanceName": "Gluten"
      },
      {
        "id": 6,
        "infoSource": null,
        "level": {
          "enumType": "se.mat.mycroft.enums.AllergyLevel",
          "name": "CONTAINS"
        },
        "substanceName": "Sojabönor"
      },
      {
        "id": 7,
        "infoSource": null,
        "level": {
          "enumType": "se.mat.mycroft.enums.AllergyLevel",
          "name": "CONTAINS"
        },
        "substanceName": "Mjölk"
      },
      {
        "id": 5,
        "infoSource": null,
        "level": {
          "enumType": "se.mat.mycroft.enums.AllergyLevel",
          "name": "CONTAINS"
        },
        "substanceName": "Jordnötter"
      },
      {
        "id": 3,
        "infoSource": null,
        "level": {
          "enumType": "se.mat.mycroft.enums.AllergyLevel",
          "name": "TRACES"
        },
        "substanceName": "Ägg"
      }
    ],
    "warehouseProductMappingId": null,
    "productRelationship": {
      "canBeReplacedWithProductIds": [],
      "canBeSubstitutedWithProductIds": [
        71261,
        93247,
        93678
      ],
      "sameContentProductIds": []
    },
    "soldCount": 7900,
    "variety": "",
    "isAgreeWithPersonalTerms": null,
    "hasDeclinedPersonalAgreement": null,
    "probability": null,
    "productCountries": [],
    "productVarieties": [],
    "productBanner": null,
    "isShowOnTopProduct": false,
    "primaryCategoryNamePath": "Mat.se Göteborg/Apoteksvaror/Vitaminer, Hälso- & Kosttillskott/Bars"
  },
  {
    "id": 90632,
    "dateCreated": "Thu May 04 12:31:04 CEST 2017",
    "name": "Protein Bar Caramell & Cashew",
    "showPrice": "25,50  kr",
    "friendlyUrl": "protein-bar-caramel-cashew-barbells-55g",
    "formattedName": "Protein Bar Caramell & Cashew",
    "ean": "7340001800227",
    "countryOfOrigin": "HR",
    "translatedCountryName": "Kroatien",
    "labelTags": [],
    "hasImage": true,
    "imageUrl": "https://d1hr6nb56yyl1.cloudfront.net/product-images/90632-150.jpg",
    "brand": {
      "id": 3423,
      "name": "Barebells"
    },
    "categories": [
      {
        "id": 4336,
        "name": "Bars"
      },
      {
        "id": 9230,
        "name": "Proteintillskott"
      },
      {
        "id": 11474,
        "name": "Bars"
      }
    ],
    "displayBrand": "Barebells",
    "favouriteCount": 1005,
    "active": true,
    "inStockQuantity": 20,
    "orderable": true,
    "price": 25.5,
    "priceWithoutVat": 22.7678571429,
    "recommendedRetailPrice": null,
    "readableComparisonPrice": "463,64 kr/kg",
    "discount": null,
    "discountedPrice": 0,
    "size": "55G",
    "weightProduct": false,
    "vat": 12,
    "content": "MJÖLKPROTEIN, fuktighetsbevarande medel (glycerol), kollagenpeptider, sötningsmedel (maltitol), polydextros, kakaosmör, vatten, CASHEWNÖTTER, MJÖLKPULVER, solrosolja, kakaomassa, JORDNÖTSPASTA (JORDNÖTTER, JORDNÖTSOLJA), kakaopulver, arom, emulgeringsmedel (SOJALECITIN), sötningsmedel (sukralos, acesulfam K). Kan innehålla spår av GLUTEN, ÄGG och andra NÖTTER.",
    "nutrition": "Näringsvärde per 100 Gram\nenergi 1552 Kilojoule\nenergi 371 Kilokalori\nfett 15 Gram\nvarav mättat fett 6.4 Gram\nkolhydrat 30 Gram\nvarav sockerarter 2.8 Gram\nfiber 5.3 Gram\nprotein 36 Gram\nsalt 0.24 Gram",
    "durability": null,
    "recycling": null,
    "detail": "Proteinbar med mjölkchokladöverdrag. Smak av Caramel Cashew. Innehåller sötningsmedel.\n\nÖverdriven konsumtion kan ha laxerande effekt. Återvinns som plastförpackning.\n\nFörpackningen kan förvaras i rumstemperatur.",
    "storage": "Förpackningen kan förvaras i rumstemperatur.",
    "combinedNameWithBrand": "Protein Bar Caramell & Cashew Barebells",
    "averageProductLife": 0,
    "minimumDaysBeforeExpire": 31,
    "averageUnitWeight": 56,
    "weight": 56,
    "isMixable": false,
    "idRequired": 0,
    "tagNames": [
      "träning",
      "hälsa",
      "proteinbar",
      "Protein",
      "träna"
    ],
    "featured": false,
    "campaignRank": 234,
    "availableQuantities": [
      {
        "quantity": 20,
        "quantityKey": "dw-14436"
      },
      {
        "quantity": 20,
        "quantityKey": "dw-14428"
      },
      {
        "quantity": 20,
        "quantityKey": "dw-14468"
      },
      {
        "quantity": 20,
        "quantityKey": "default"
      },
      {
        "quantity": 20,
        "quantityKey": "dw-14466"
      },
      {
        "quantity": 20,
        "quantityKey": "dw-14434"
      },
      {
        "quantity": 20,
        "quantityKey": "dw-14442"
      },
      {
        "quantity": 20,
        "quantityKey": "dw-14416"
      },
      {
        "quantity": 20,
        "quantityKey": "dw-14458"
      },
      {
        "quantity": 20,
        "quantityKey": "dw-14422"
      },
      {
        "quantity": 20,
        "quantityKey": "dw-14408"
      },
      {
        "quantity": 13,
        "quantityKey": "dw-14392"
      },
      {
        "quantity": 20,
        "quantityKey": "dw-14480"
      },
      {
        "quantity": 20,
        "quantityKey": "dw-14452"
      },
      {
        "quantity": 13,
        "quantityKey": "dw-14398"
      },
      {
        "quantity": 20,
        "quantityKey": "dw-14426"
      },
      {
        "quantity": 20,
        "quantityKey": "dw-14450"
      },
      {
        "quantity": 20,
        "quantityKey": "dw-14478"
      },
      {
        "quantity": 20,
        "quantityKey": "dw-14460"
      },
      {
        "quantity": 20,
        "quantityKey": "dw-14474"
      },
      {
        "quantity": 13,
        "quantityKey": "dw-14390"
      },
      {
        "quantity": 20,
        "quantityKey": "dw-14400"
      },
      {
        "quantity": 20,
        "quantityKey": "dw-14406"
      },
      {
        "quantity": 20,
        "quantityKey": "dw-14414"
      },
      {
        "quantity": 20,
        "quantityKey": "dw-14444"
      }
    ],
    "emission": 0,
    "allergies": [
      {
        "id": 10,
        "infoSource": null,
        "level": {
          "enumType": "se.mat.mycroft.enums.AllergyLevel",
          "name": "CONTAINS"
        },
        "substanceName": "Nötter"
      },
      {
        "id": 7,
        "infoSource": null,
        "level": {
          "enumType": "se.mat.mycroft.enums.AllergyLevel",
          "name": "CONTAINS"
        },
        "substanceName": "Mjölk"
      },
      {
        "id": 5,
        "infoSource": null,
        "level": {
          "enumType": "se.mat.mycroft.enums.AllergyLevel",
          "name": "CONTAINS"
        },
        "substanceName": "Jordnötter"
      },
      {
        "id": 3,
        "infoSource": null,
        "level": {
          "enumType": "se.mat.mycroft.enums.AllergyLevel",
          "name": "TRACES"
        },
        "substanceName": "Ägg"
      },
      {
        "id": 1,
        "infoSource": null,
        "level": {
          "enumType": "se.mat.mycroft.enums.AllergyLevel",
          "name": "TRACES"
        },
        "substanceName": "Gluten"
      },
      {
        "id": 6,
        "infoSource": null,
        "level": {
          "enumType": "se.mat.mycroft.enums.AllergyLevel",
          "name": "CONTAINS"
        },
        "substanceName": "Sojabönor"
      }
    ],
    "warehouseProductMappingId": null,
    "productRelationship": {
      "canBeReplacedWithProductIds": [],
      "canBeSubstitutedWithProductIds": [
        94962,
        87829,
        93356,
        60726
      ],
      "sameContentProductIds": []
    },
    "soldCount": 8302,
    "variety": "",
    "isAgreeWithPersonalTerms": null,
    "hasDeclinedPersonalAgreement": null,
    "probability": null,
    "productCountries": [],
    "productVarieties": [],
    "productBanner": null,
    "isShowOnTopProduct": false,
    "primaryCategoryNamePath": "Mat.se Göteborg/Apoteksvaror/Vitaminer, Hälso- & Kosttillskott/Bars"
  },
  {
    "id": 82619,
    "dateCreated": "Wed Jun 22 10:37:17 CEST 2016",
    "name": "Propud Choklad",
    "showPrice": "35,95  kr",
    "friendlyUrl": "propud-choklad-njie-500g",
    "formattedName": "Propud Choklad",
    "ean": "7350068291111",
    "countryOfOrigin": "DE",
    "translatedCountryName": "Tyskland",
    "labelTags": [
      {
        "id": 15,
        "name": "Särnär fri från laktos",
        "tag": "fri_laktos"
      }
    ],
    "hasImage": true,
    "imageUrl": "https://d1hr6nb56yyl1.cloudfront.net/product-images/82619-150.jpg",
    "brand": {
      "id": 1518,
      "name": "NJIE"
    },
    "categories": [
      {
        "id": 11482,
        "name": "Proteinpudding"
      },
      {
        "id": 10264,
        "name": "Pudding"
      },
      {
        "id": 9230,
        "name": "Proteintillskott"
      }
    ],
    "displayBrand": "NJIE",
    "favouriteCount": 988,
    "active": true,
    "inStockQuantity": 14,
    "orderable": true,
    "price": 35.95,
    "priceWithoutVat": 32.0982142857,
    "recommendedRetailPrice": null,
    "readableComparisonPrice": "71,90 kr/kg",
    "discount": null,
    "discountedPrice": 0,
    "size": "500G",
    "weightProduct": false,
    "vat": 12,
    "content": "Högpastöriserad MJÖLK, MJÖLKPROTEIN, fettreducerad kakao (1,8%), stabiliseringsmedel (cellulosagummi, karragenan), antioxidationsmedel (natriumfosfater), sötningsmedel (acesulfam K, steviolglykosider), arom, laktasenzym. Innehåller naturligt förekommande socker.",
    "nutrition": "Näringsvärde per 100 Gram\nenergi 315 Kilojoule\nenergi 75 Kilokalori\nfett 1.5 Gram\nvarav mättat fett 1 Gram\nkolhydrat 4.8 Gram\nvarav sockerarter 4.5 Gram\nprotein 10 Gram\nsalt 0.3 Gram",
    "durability": null,
    "recycling": null,
    "detail": "NJIE ProPud Protein Pudding Chocolate - en krämig och god pudding med chokladsmak. Utan tillsatt socker, laktosfri och proteinrik.\n\nServeras kyld.\n\nOöppnad förpackning kan förvaras i rumstemperatur. Öppnad förpackning förvaras i kyl upp till 2 dagar",
    "storage": "Oöppnad förpackning kan förvaras i rumstemperatur. Öppnad förpackning förvaras i kyl upp till 2 dagar",
    "combinedNameWithBrand": "Propud Choklad Njie",
    "averageProductLife": 96.9,
    "minimumDaysBeforeExpire": 5,
    "averageUnitWeight": 517,
    "weight": 517,
    "isMixable": false,
    "idRequired": 0,
    "tagNames": [
      "proteinpudding",
      "Protein",
      "chokladsmak",
      "pro",
      "pud",
      "pudding",
      "träning",
      "mellanmål",
      "chokladpudding",
      "Choklad"
    ],
    "featured": false,
    "campaignRank": 39,
    "availableQuantities": [
      {
        "quantity": 14,
        "quantityKey": "dw-14434"
      },
      {
        "quantity": 14,
        "quantityKey": "dw-14442"
      },
      {
        "quantity": 14,
        "quantityKey": "default"
      },
      {
        "quantity": 14,
        "quantityKey": "dw-14478"
      },
      {
        "quantity": 14,
        "quantityKey": "dw-14406"
      },
      {
        "quantity": 14,
        "quantityKey": "dw-14466"
      },
      {
        "quantity": 14,
        "quantityKey": "dw-14450"
      },
      {
        "quantity": 14,
        "quantityKey": "dw-14392"
      },
      {
        "quantity": 14,
        "quantityKey": "dw-14390"
      },
      {
        "quantity": 14,
        "quantityKey": "dw-14428"
      },
      {
        "quantity": 14,
        "quantityKey": "dw-14474"
      },
      {
        "quantity": 14,
        "quantityKey": "dw-14408"
      },
      {
        "quantity": 14,
        "quantityKey": "dw-14416"
      },
      {
        "quantity": 14,
        "quantityKey": "dw-14452"
      },
      {
        "quantity": 14,
        "quantityKey": "dw-14436"
      },
      {
        "quantity": 14,
        "quantityKey": "dw-14414"
      },
      {
        "quantity": 14,
        "quantityKey": "dw-14460"
      },
      {
        "quantity": 14,
        "quantityKey": "dw-14444"
      },
      {
        "quantity": 14,
        "quantityKey": "dw-14400"
      },
      {
        "quantity": 14,
        "quantityKey": "dw-14468"
      },
      {
        "quantity": 14,
        "quantityKey": "dw-14426"
      },
      {
        "quantity": 14,
        "quantityKey": "dw-14458"
      },
      {
        "quantity": 14,
        "quantityKey": "dw-14422"
      },
      {
        "quantity": 14,
        "quantityKey": "dw-14480"
      },
      {
        "quantity": 14,
        "quantityKey": "dw-14398"
      }
    ],
    "emission": 0,
    "allergies": [
      {
        "id": 7,
        "infoSource": null,
        "level": {
          "enumType": "se.mat.mycroft.enums.AllergyLevel",
          "name": "CONTAINS"
        },
        "substanceName": "Mjölk"
      }
    ],
    "warehouseProductMappingId": null,
    "productRelationship": {
      "canBeReplacedWithProductIds": [],
      "canBeSubstitutedWithProductIds": [],
      "sameContentProductIds": [
        67358
      ]
    },
    "soldCount": 8932,
    "variety": "",
    "isAgreeWithPersonalTerms": null,
    "hasDeclinedPersonalAgreement": null,
    "probability": null,
    "productCountries": [],
    "productVarieties": [],
    "productBanner": null,
    "isShowOnTopProduct": false,
    "primaryCategoryNamePath": "Mat.se Göteborg/Hälsa & Träning/Proteinpudding"
  },
  {
    "id": 135320,
    "dateCreated": "Tue May 10 07:49:50 CEST 2022",
    "name": "Pudding manna ris",
    "showPrice": "16,95  kr",
    "friendlyUrl": "pudding-manna-ris-ehrmann-high-protein-200-g",
    "formattedName": "Pudding Manna Ris",
    "ean": "4002971244502",
    "countryOfOrigin": "DE",
    "translatedCountryName": "Tyskland",
    "labelTags": [
      {
        "id": 15,
        "name": "Särnär fri från laktos",
        "tag": "fri_laktos"
      }
    ],
    "hasImage": true,
    "imageUrl": "https://d1hr6nb56yyl1.cloudfront.net/product-images/135320-150.jpg",
    "brand": {
      "id": 13435,
      "name": "Ehrmann High Protein"
    },
    "categories": [
      {
        "id": 11482,
        "name": "Proteinpudding"
      }
    ],
    "displayBrand": "Ehrmann High Protein",
    "favouriteCount": 0,
    "active": true,
    "inStockQuantity": 6,
    "orderable": true,
    "price": 16.95000076293945,
    "priceWithoutVat": 15.13392925262451,
    "recommendedRetailPrice": null,
    "readableComparisonPrice": "84,75 kr/kg",
    "discount": null,
    "discountedPrice": 0,
    "size": "200 g",
    "weightProduct": false,
    "vat": 12,
    "content": "Pastöriserad SKUMMJÖLK/pasteurisert SKUMMETMELK, MJÖLKPROTEIN/MELKEPROTEIN 8,7%, risgryn 4,9%, GRÄDDE/FLØTE, förtjockningsmedel/fortykningsmiddel (E 407, E 415), laktasenzym, sötningsmedel/søtstoffer (E 950, E 955), arom/aroma.\nInnehåller naturligt förekommande socker.\nMed et naturlig innhold av sukker.\nKan innehålla spår av SOJA.\nKan inneholde spor av SOYA.",
    "nutrition": "Näringsvärde per 100 gram\nEnergi 350/83 kilojoule/kilokalori\nFett 1.2 gram\nvarav mättat fett 0.8 gram\nKolhydrat 8.0 gram\nvarav sockerarter 4.5 gram\nProtein 10.0 gram\nSalt 0.10 gram",
    "durability": null,
    "recycling": null,
    "detail": "Ehrmann High protein Manna rispudding lyckas kombinera hälsa med en fantastisk smakupplevelse. Proteinpuddingen innehåller 20 g protein, inget tillsatt socker och få kalorier. Laktos- och glutenfri.\n\nNeeds to be refrigerated!",
    "storage": "Förvaring: max +8°C. Bäst före: se locket.",
    "combinedNameWithBrand": "Pudding Manna Ris Ehrmann High Protein",
    "averageProductLife": 85.1,
    "minimumDaysBeforeExpire": 5,
    "averageUnitWeight": 0,
    "weight": 208,
    "isMixable": false,
    "idRequired": 0,
    "tagNames": [],
    "featured": false,
    "campaignRank": 2147483647,
    "availableQuantities": [
      {
        "quantity": 6,
        "quantityKey": "dw-14426"
      },
      {
        "quantity": 6,
        "quantityKey": "dw-14466"
      },
      {
        "quantity": 6,
        "quantityKey": "dw-14442"
      },
      {
        "quantity": 6,
        "quantityKey": "dw-14450"
      },
      {
        "quantity": 6,
        "quantityKey": "dw-14414"
      },
      {
        "quantity": 6,
        "quantityKey": "dw-14444"
      },
      {
        "quantity": 6,
        "quantityKey": "dw-14428"
      },
      {
        "quantity": 6,
        "quantityKey": "default"
      },
      {
        "quantity": 6,
        "quantityKey": "dw-14434"
      },
      {
        "quantity": 6,
        "quantityKey": "dw-14422"
      },
      {
        "quantity": 6,
        "quantityKey": "dw-14460"
      },
      {
        "quantity": 6,
        "quantityKey": "dw-14400"
      },
      {
        "quantity": 6,
        "quantityKey": "dw-14436"
      },
      {
        "quantity": 6,
        "quantityKey": "dw-14392"
      },
      {
        "quantity": 6,
        "quantityKey": "dw-14474"
      },
      {
        "quantity": 6,
        "quantityKey": "dw-14416"
      },
      {
        "quantity": 6,
        "quantityKey": "dw-14452"
      },
      {
        "quantity": 6,
        "quantityKey": "dw-14398"
      },
      {
        "quantity": 6,
        "quantityKey": "dw-14408"
      },
      {
        "quantity": 6,
        "quantityKey": "dw-14468"
      },
      {
        "quantity": 1,
        "quantityKey": "dw-14390"
      },
      {
        "quantity": 6,
        "quantityKey": "dw-14458"
      },
      {
        "quantity": 6,
        "quantityKey": "dw-14406"
      }
    ],
    "emission": 0,
    "allergies": [
      {
        "id": 6,
        "infoSource": null,
        "level": {
          "enumType": "se.mat.mycroft.enums.AllergyLevel",
          "name": "TRACES"
        },
        "substanceName": "Sojabönor"
      },
      {
        "id": 7,
        "infoSource": null,
        "level": {
          "enumType": "se.mat.mycroft.enums.AllergyLevel",
          "name": "CONTAINS"
        },
        "substanceName": "Mjölk"
      }
    ],
    "warehouseProductMappingId": null,
    "productRelationship": {
      "canBeReplacedWithProductIds": [],
      "canBeSubstitutedWithProductIds": [],
      "sameContentProductIds": []
    },
    "soldCount": 12,
    "variety": "",
    "isAgreeWithPersonalTerms": null,
    "hasDeclinedPersonalAgreement": null,
    "probability": null,
    "productCountries": [],
    "productVarieties": [],
    "productBanner": null,
    "isShowOnTopProduct": false,
    "primaryCategoryNamePath": "Mat.se Göteborg/Hälsa & Träning/Proteinpudding"
  },
  {
    "id": 135236,
    "dateCreated": "Tue May 10 07:44:58 CEST 2022",
    "name": "Propud Kladdkaka",
    "showPrice": "20,50  kr",
    "friendlyUrl": "propud-kladdkaka-njie-200g",
    "formattedName": "Propud Kladdkaka",
    "ean": "7350068299117",
    "countryOfOrigin": "DE",
    "translatedCountryName": "Tyskland",
    "labelTags": [
      {
        "id": 15,
        "name": "Särnär fri från laktos",
        "tag": "fri_laktos"
      }
    ],
    "hasImage": true,
    "imageUrl": "https://d1hr6nb56yyl1.cloudfront.net/product-images/135236-150.jpg",
    "brand": {
      "id": 1518,
      "name": "NJIE"
    },
    "categories": [
      {
        "id": 11482,
        "name": "Proteinpudding"
      }
    ],
    "displayBrand": "NJIE",
    "favouriteCount": 0,
    "active": true,
    "inStockQuantity": 8,
    "orderable": true,
    "price": 20.5,
    "priceWithoutVat": 18.3035714286,
    "recommendedRetailPrice": null,
    "readableComparisonPrice": "102,50 kr/kg",
    "discount": null,
    "discountedPrice": 0,
    "size": "200G",
    "weightProduct": false,
    "vat": 12,
    "content": "Högpastöriserad MJÖLK/MELK/MÆLK, MJÖLKPROTEIN/MELKEPROTEIN/MÆLKEPROTEIN, fettreducerad kakao (2%), stabiliseringsmedel/stabilisator (cellulosagummi, karragenan), naturliga aromer, aromer, antioxidationsmedel (natriumfosfater), surhetsreglerande medel (kaliumkarbonater, natriumhydroxid, ammoniumhydroxid), sötningsmedel/søtstoffer (acesulfam K, steviolglykosider från stevia), laktasenzym. Innehåller naturligt förekommande socker/Med et naturlig innhold av sukker.",
    "nutrition": "Näringsvärde per 100 Gram\nenergi 315 Kilojoule\nenergi 75 Kilokalori\nfett 1.5 Gram\nvarav mättat fett 1 Gram\nkolhydrat 4.8 Gram\nvarav sockerarter 4.5 Gram\nprotein 10 Gram\nsalt 0.33 Gram",
    "durability": null,
    "recycling": null,
    "detail": "NJIE ProPud Protein Pudding Kladdkaka - en krämig och god pudding med smak av chokladkladdkaka. Utan tillsatt socker, laktosfri och med 20 g protein per burk.\n\nServeras kyld.\n\nKan förvaras i rumstemperatur. Öppnad förpackning förvaras i kyl. Används inom 2 dagar.",
    "storage": "Kan förvaras i rumstemperatur. Öppnad förpackning förvaras i kyl. Används inom 2 dagar.",
    "combinedNameWithBrand": "Propud Kladdkaka Njie",
    "averageProductLife": 110.3,
    "minimumDaysBeforeExpire": 5,
    "averageUnitWeight": 210,
    "weight": 210,
    "isMixable": false,
    "idRequired": 0,
    "tagNames": [],
    "featured": false,
    "campaignRank": 2147483647,
    "availableQuantities": [
      {
        "quantity": 8,
        "quantityKey": "dw-14460"
      },
      {
        "quantity": 8,
        "quantityKey": "default"
      },
      {
        "quantity": 8,
        "quantityKey": "dw-14478"
      },
      {
        "quantity": 8,
        "quantityKey": "dw-14422"
      },
      {
        "quantity": 8,
        "quantityKey": "dw-14450"
      },
      {
        "quantity": 8,
        "quantityKey": "dw-14458"
      },
      {
        "quantity": 8,
        "quantityKey": "dw-14398"
      },
      {
        "quantity": 8,
        "quantityKey": "dw-14468"
      },
      {
        "quantity": 8,
        "quantityKey": "dw-14428"
      },
      {
        "quantity": 8,
        "quantityKey": "dw-14452"
      },
      {
        "quantity": 8,
        "quantityKey": "dw-14414"
      },
      {
        "quantity": 8,
        "quantityKey": "dw-14400"
      },
      {
        "quantity": 8,
        "quantityKey": "dw-14466"
      },
      {
        "quantity": 8,
        "quantityKey": "dw-14406"
      },
      {
        "quantity": 8,
        "quantityKey": "dw-14434"
      },
      {
        "quantity": 8,
        "quantityKey": "dw-14426"
      },
      {
        "quantity": 8,
        "quantityKey": "dw-14408"
      },
      {
        "quantity": 8,
        "quantityKey": "dw-14390"
      },
      {
        "quantity": 8,
        "quantityKey": "dw-14442"
      },
      {
        "quantity": 8,
        "quantityKey": "dw-14444"
      },
      {
        "quantity": 8,
        "quantityKey": "dw-14480"
      },
      {
        "quantity": 8,
        "quantityKey": "dw-14436"
      },
      {
        "quantity": 8,
        "quantityKey": "dw-14392"
      },
      {
        "quantity": 8,
        "quantityKey": "dw-14474"
      },
      {
        "quantity": 8,
        "quantityKey": "dw-14416"
      }
    ],
    "emission": 0,
    "allergies": [
      {
        "id": 7,
        "infoSource": null,
        "level": {
          "enumType": "se.mat.mycroft.enums.AllergyLevel",
          "name": "CONTAINS"
        },
        "substanceName": "Mjölk"
      }
    ],
    "warehouseProductMappingId": null,
    "productRelationship": {
      "canBeReplacedWithProductIds": [],
      "canBeSubstitutedWithProductIds": [],
      "sameContentProductIds": []
    },
    "soldCount": 23,
    "variety": "",
    "isAgreeWithPersonalTerms": null,
    "hasDeclinedPersonalAgreement": null,
    "probability": null,
    "productCountries": [],
    "productVarieties": [],
    "productBanner": null,
    "isShowOnTopProduct": false,
    "primaryCategoryNamePath": "Mat.se Göteborg/Hälsa & Träning/Proteinpudding"
  },
  {
    "id": 134496,
    "dateCreated": "Tue Apr 05 08:46:27 CEST 2022",
    "name": "Chocolate´n Biscuit Proteinbar",
    "showPrice": "21,50  kr",
    "friendlyUrl": "chocolaten-biscuit-proteinbar-propud-55g",
    "formattedName": "Chocolate´n Biscuit Proteinbar",
    "ean": "7350068295539",
    "countryOfOrigin": "DE",
    "translatedCountryName": "Tyskland",
    "labelTags": [],
    "hasImage": true,
    "imageUrl": "https://d1hr6nb56yyl1.cloudfront.net/product-images/134496-150.jpg",
    "brand": {
      "id": 13382,
      "name": "Propud"
    },
    "categories": [
      {
        "id": 4336,
        "name": "Bars"
      },
      {
        "id": 11474,
        "name": "Bars"
      }
    ],
    "displayBrand": "Propud",
    "favouriteCount": 7,
    "active": true,
    "inStockQuantity": 19,
    "orderable": true,
    "price": 21.5,
    "priceWithoutVat": 19.1964285714,
    "recommendedRetailPrice": null,
    "readableComparisonPrice": "390,91 kr/kg",
    "discount": null,
    "discountedPrice": 0,
    "size": "55G",
    "weightProduct": false,
    "vat": 12,
    "content": "MJÖLK/MELKE/MÆLKEPROTEIN, sötningsmedel/søtstoffer (maltitol), fuktighetsbevarande medel (glycerol), SMÖR/SMØRFETT, kollagenpeptider (från nöt/biff/okse), kakaosmör(8,2%), kakaomassa (6,6%), vatten, kex- och chokladkexbitar (4,7%)(sötningsmedel/søtstoffer (maltitol, erytitrol, isomalt), potatisstärkelse, majsmjöl, SMÖR/SMØR, rismjöl, modifierad potatisstärkelse, fettreducerat kakaopulver, tapiokastärkelse, SMÖR/SMØRFETT, oligofruktos, salt, aromer, bourbon vaniljextrakt, bakpulver (natriumkarbonater)), HELMJÖLK/MELK/MÆLKSPULVER, sojaproteincrisp med kakao (1,7%) (SOJA/SOYAPROTEIN-ISOLAT, tapiokastärkelse, fettreducerat kakaopulver), solrosolja/ solsikkeolje, inulin, fettreducerad kakao (0,4%), aromer, salt, emulgeringsmedel/emulgator (SOJA/SOYALECITIN), sötningsmedel/søtstoffer (aspartam, acesulfam K). Innehåller en källa/kilde till fenylalanin/Indeholder en phenylalaninkilde. Innehåller naturligt förekommande socker/Med et naturlig innhold av sukker. Kan innehålla spår/spor av ÄGG/EGG/ÆG, MANDEL, CASHEWNÖTTER/NØTTER/NØDDER, HASSELNÖTTER/NØTTER/NØDDER och VETE/HVETE/HVEDE. Innehåller/holder polyoler.",
    "nutrition": "Näringsvärde per 100 Gram\nenergi 1816 Kilojoule\nenergi 436 Kilokalori\nfett 24 Gram\nvarav mättat fett 14 Gram\nkolhydrat 31 Gram\nvarav sockerarter 2.1 Gram\nsockeralkoholer 25 Gram\nprotein 33 Gram\nsalt 0.33 Gram",
    "durability": null,
    "recycling": null,
    "detail": "ProPud Protein Bar Chocolate n' Biscuit - en proteinbar med choklad- och kexsmak, strösslad med kexbitar samt överdrag av mjölkchoklad. Utan tillsatt socker och 18 gram protein per bar. Utan palmolja.\n\nFörvaras torrt i rumstemperatur.",
    "storage": "Förvaras torrt i rumstemperatur.",
    "combinedNameWithBrand": "Chocolate´n Biscuit Proteinbar Propud",
    "averageProductLife": 0,
    "minimumDaysBeforeExpire": 31,
    "averageUnitWeight": 56,
    "weight": 56,
    "isMixable": false,
    "idRequired": 0,
    "tagNames": [],
    "featured": false,
    "campaignRank": 2147483647,
    "availableQuantities": [
      {
        "quantity": 19,
        "quantityKey": "dw-14478"
      },
      {
        "quantity": 19,
        "quantityKey": "dw-14444"
      },
      {
        "quantity": 19,
        "quantityKey": "dw-14414"
      },
      {
        "quantity": 19,
        "quantityKey": "dw-14466"
      },
      {
        "quantity": 19,
        "quantityKey": "dw-14390"
      },
      {
        "quantity": 19,
        "quantityKey": "dw-14442"
      },
      {
        "quantity": 19,
        "quantityKey": "dw-14450"
      },
      {
        "quantity": 19,
        "quantityKey": "dw-14460"
      },
      {
        "quantity": 19,
        "quantityKey": "dw-14452"
      },
      {
        "quantity": 19,
        "quantityKey": "dw-14426"
      },
      {
        "quantity": 19,
        "quantityKey": "dw-14408"
      },
      {
        "quantity": 19,
        "quantityKey": "dw-14398"
      },
      {
        "quantity": 19,
        "quantityKey": "dw-14416"
      },
      {
        "quantity": 19,
        "quantityKey": "dw-14422"
      },
      {
        "quantity": 19,
        "quantityKey": "dw-14400"
      },
      {
        "quantity": 19,
        "quantityKey": "dw-14480"
      },
      {
        "quantity": 19,
        "quantityKey": "dw-14458"
      },
      {
        "quantity": 19,
        "quantityKey": "default"
      },
      {
        "quantity": 19,
        "quantityKey": "dw-14428"
      },
      {
        "quantity": 19,
        "quantityKey": "dw-14474"
      },
      {
        "quantity": 19,
        "quantityKey": "dw-14436"
      },
      {
        "quantity": 19,
        "quantityKey": "dw-14392"
      },
      {
        "quantity": 19,
        "quantityKey": "dw-14406"
      },
      {
        "quantity": 19,
        "quantityKey": "dw-14434"
      },
      {
        "quantity": 19,
        "quantityKey": "dw-14468"
      }
    ],
    "emission": 0,
    "allergies": [
      {
        "id": 1,
        "infoSource": null,
        "level": {
          "enumType": "se.mat.mycroft.enums.AllergyLevel",
          "name": "TRACES"
        },
        "substanceName": "Gluten"
      },
      {
        "id": 7,
        "infoSource": null,
        "level": {
          "enumType": "se.mat.mycroft.enums.AllergyLevel",
          "name": "CONTAINS"
        },
        "substanceName": "Mjölk"
      },
      {
        "id": 6,
        "infoSource": null,
        "level": {
          "enumType": "se.mat.mycroft.enums.AllergyLevel",
          "name": "CONTAINS"
        },
        "substanceName": "Sojabönor"
      },
      {
        "id": 10,
        "infoSource": null,
        "level": {
          "enumType": "se.mat.mycroft.enums.AllergyLevel",
          "name": "TRACES"
        },
        "substanceName": "Nötter"
      },
      {
        "id": 3,
        "infoSource": null,
        "level": {
          "enumType": "se.mat.mycroft.enums.AllergyLevel",
          "name": "TRACES"
        },
        "substanceName": "Ägg"
      }
    ],
    "warehouseProductMappingId": null,
    "productRelationship": {
      "canBeReplacedWithProductIds": [],
      "canBeSubstitutedWithProductIds": [],
      "sameContentProductIds": []
    },
    "soldCount": 20,
    "variety": "",
    "isAgreeWithPersonalTerms": null,
    "hasDeclinedPersonalAgreement": null,
    "probability": null,
    "productCountries": [],
    "productVarieties": [],
    "productBanner": null,
    "isShowOnTopProduct": false,
    "primaryCategoryNamePath": "Mat.se Göteborg/Apoteksvaror/Vitaminer, Hälso- & Kosttillskott/Bars"
  },
  {
    "id": 134476,
    "dateCreated": "Tue Apr 05 14:02:56 CEST 2022",
    "name": "Vegan Protein Chocolate",
    "showPrice": "150  kr",
    "friendlyUrl": "vegan-protein-chocolate-star-nutrition-500g",
    "formattedName": "Vegan Protein Chocolate",
    "ean": "7340028822448",
    "countryOfOrigin": null,
    "translatedCountryName": "",
    "labelTags": [],
    "hasImage": true,
    "imageUrl": "https://d1hr6nb56yyl1.cloudfront.net/product-images/134476-150.jpg",
    "brand": {
      "id": 7641,
      "name": "Star Nutrition"
    },
    "categories": [
      {
        "id": 11476,
        "name": "Proteinpulver"
      },
      {
        "id": 9230,
        "name": "Proteintillskott"
      }
    ],
    "displayBrand": "Star Nutrition",
    "favouriteCount": 5,
    "active": true,
    "inStockQuantity": 6,
    "orderable": true,
    "price": 150,
    "priceWithoutVat": 133.9285714286,
    "recommendedRetailPrice": null,
    "readableComparisonPrice": "300 kr/kg",
    "discount": null,
    "discountedPrice": 0,
    "size": "500g",
    "weightProduct": false,
    "vat": 12,
    "content": "Ärtproteinisolat, fettreducerat kakaopulver, arom, salt, förtjockningsmedel (cellulosagummi), surhetsreglerande medel (citronsyra), emulgeringsmedel (solroslecitin), sötningsmedel (sukralos, acesulfam-K.)",
    "nutrition": "Näringsvärde per 100.0 gram\nEnergi 397/1662 kilokalori/kilojoule\nFett 9.7 gram\nvarav mättat fett 2.8 gram\nKolhydrat 1.7 gram\nvarav sockerarter 0.5 gram\nFiber 4.7 gram\nProtein 73 gram\nSalt 3.3 gram",
    "durability": null,
    "recycling": null,
    "detail": "Vegan Protein är ett 100% vegankompatibelt protein, beståendes av ärtproteinisolat. Det är en lättblandad och fantastiskt välsmakande produkt med ett högt proteininnehåll och ett väldigt lågt kolhydrat- och fettinnehåll. Ärtprotein är en av de vegetabiliska proteinkällor som har bäst proteinkvalitet, vilket i klarspråk innebär att den har ett för musklerna gynnsamt innehåll av viktiga aminosyror.\n\nBlanda 25 g (0,5 dl) pulver med 250 ml vatten. Använd när som helst under dagen, förslagsvis i samband med träning eller mellanmål.",
    "storage": "Förvaras torrt vid rumstemperatur.",
    "combinedNameWithBrand": "Vegan Protein Chocolate Star Nutrition",
    "averageProductLife": 0,
    "minimumDaysBeforeExpire": 31,
    "averageUnitWeight": 0,
    "weight": 530,
    "isMixable": false,
    "idRequired": 0,
    "tagNames": [],
    "featured": false,
    "campaignRank": 2147483647,
    "availableQuantities": [
      {
        "quantity": 6,
        "quantityKey": "dw-14450"
      },
      {
        "quantity": 6,
        "quantityKey": "dw-14390"
      },
      {
        "quantity": 6,
        "quantityKey": "dw-14480"
      },
      {
        "quantity": 6,
        "quantityKey": "dw-14416"
      },
      {
        "quantity": 6,
        "quantityKey": "dw-14444"
      },
      {
        "quantity": 6,
        "quantityKey": "dw-14392"
      },
      {
        "quantity": 6,
        "quantityKey": "dw-14474"
      },
      {
        "quantity": 6,
        "quantityKey": "dw-14478"
      },
      {
        "quantity": 6,
        "quantityKey": "dw-14426"
      },
      {
        "quantity": 6,
        "quantityKey": "dw-14436"
      },
      {
        "quantity": 6,
        "quantityKey": "dw-14452"
      },
      {
        "quantity": 6,
        "quantityKey": "dw-14458"
      },
      {
        "quantity": 6,
        "quantityKey": "dw-14400"
      },
      {
        "quantity": 6,
        "quantityKey": "dw-14414"
      },
      {
        "quantity": 6,
        "quantityKey": "dw-14434"
      },
      {
        "quantity": 6,
        "quantityKey": "dw-14466"
      },
      {
        "quantity": 6,
        "quantityKey": "dw-14442"
      },
      {
        "quantity": 6,
        "quantityKey": "dw-14408"
      },
      {
        "quantity": 6,
        "quantityKey": "dw-14422"
      },
      {
        "quantity": 6,
        "quantityKey": "dw-14468"
      },
      {
        "quantity": 6,
        "quantityKey": "dw-14398"
      },
      {
        "quantity": 6,
        "quantityKey": "default"
      },
      {
        "quantity": 6,
        "quantityKey": "dw-14428"
      },
      {
        "quantity": 6,
        "quantityKey": "dw-14406"
      },
      {
        "quantity": 6,
        "quantityKey": "dw-14460"
      }
    ],
    "emission": 0,
    "allergies": [],
    "warehouseProductMappingId": null,
    "productRelationship": {
      "canBeReplacedWithProductIds": [],
      "canBeSubstitutedWithProductIds": [],
      "sameContentProductIds": []
    },
    "soldCount": 19,
    "variety": "",
    "isAgreeWithPersonalTerms": null,
    "hasDeclinedPersonalAgreement": null,
    "probability": null,
    "productCountries": [],
    "productVarieties": [],
    "productBanner": null,
    "isShowOnTopProduct": false,
    "primaryCategoryNamePath": "Mat.se Göteborg/Hälsa & Träning/Proteinpulver"
  },
  {
    "id": 134474,
    "dateCreated": "Tue Apr 19 13:26:43 CEST 2022",
    "name": "Cookie proteinbar",
    "showPrice": "19,95  kr",
    "friendlyUrl": "cookie-proteinbar-nicks-50g",
    "formattedName": "Cookie Proteinbar",
    "ean": "7350104402013",
    "countryOfOrigin": null,
    "translatedCountryName": "",
    "labelTags": [],
    "hasImage": true,
    "imageUrl": "https://d1hr6nb56yyl1.cloudfront.net/product-images/134474-150.jpg",
    "brand": {
      "id": 3396,
      "name": "Nick's"
    },
    "categories": [
      {
        "id": 11474,
        "name": "Bars"
      }
    ],
    "displayBrand": "Nick's",
    "favouriteCount": 2,
    "active": true,
    "inStockQuantity": 13,
    "orderable": true,
    "price": 19.95,
    "priceWithoutVat": 17.8125,
    "recommendedRetailPrice": null,
    "readableComparisonPrice": "399 kr/kg",
    "discount": null,
    "discountedPrice": 0,
    "size": "50g",
    "weightProduct": false,
    "vat": 12,
    "content": "MJÖLK/MÆLKprotein, MJÖLK/MÆLKpulver, kollagenpeptider, fuktighetsbevarande medel (veg. glycerol), polydextros (fiber), sötningsmedel (erytritol), kakaosmör, sötningsmedel (xylitol), SOJAproteinkrisp (SOJAPROTEINISOLAT, tapiokastärkelse, salt, stabilisator (kalciumkarbonat)), löslig majsfibrer, kakaomassa, ÄGG/EGG/ÆGvita pulver, cikoriarotfibrer, SMÖR (MJÖLK/MÆLK), HAVREMJÖL, vegetabilisk olja (kokos, shea), sötningsmedel (sorbitol), kakaopulver, naturlig arom, emulgeringsmedel (solroslecitin), salt, sötningsmedel (steviolglykosider), stabilisatorer (fruktkärnmjöl, guarkärnmjöl, xantangummi), kardemumma, färgämne (sockerkulör). Kan innehålla spår av: SESAM, MANDEL, HASSELNÖT, CASHEWNÖT och JORDNÖT/PEANØT.",
    "nutrition": "Näringsvärde per 100 gram\nEnergi 1456/348 kilojoule/kilokalori\nFett 15 gram\nvarav mättat fett 9.0 gram\nKolhydrat 32 gram\nvarav sockerarter 4.5 gram\nvarav polyoler 24 gram\nFiber 14 gram\nProtein 30 gram\nSalt 0.44 gram",
    "durability": null,
    "recycling": null,
    "detail": "En proteinbar med seg karamell och 13 g protein. Laddad med prebiotiska fibrer som stimulerar tillväxten av goda tarmbakterier och ökar ditt immunförsvar. Passande för lågkolhydratskost, keto, diabetes, glutenintolerans men främst för alla som vill njuta och må bra på samma gång. 158 kcal/bar, no added sugar, no palm oil, just joy.\n\nUtan tillsatt socker",
    "storage": "Förvaras torrt & svalt: <30°C",
    "combinedNameWithBrand": "Cookie Proteinbar Nick's",
    "averageProductLife": 0,
    "minimumDaysBeforeExpire": 31,
    "averageUnitWeight": 0,
    "weight": 51,
    "isMixable": false,
    "idRequired": 0,
    "tagNames": [
      "proteinbar",
      "diet",
      "keto",
      "Glutenfri",
      "barebells",
      "cookie",
      "sockerfri",
      "cookie dough",
      "Protein",
      "Utan palmolja",
      "Kakdeg",
      "Glutenfritt",
      "sockerfria",
      "Utan tillsatt socker",
      "nyttiga proteinbars",
      "proteinbarer",
      "nyttig choklad",
      "proteinbars",
      "Choklad",
      "protein bar",
      "nicks",
      "low carb",
      "Glutenfria",
      "sockerfritt",
      "hälsokost",
      "proteinbar utan socker",
      "LCHF",
      "sockerfri proteinbar",
      "kollagen"
    ],
    "featured": false,
    "campaignRank": 2147483647,
    "availableQuantities": [
      {
        "quantity": 13,
        "quantityKey": "dw-14428"
      },
      {
        "quantity": 13,
        "quantityKey": "default"
      },
      {
        "quantity": 13,
        "quantityKey": "dw-14434"
      },
      {
        "quantity": 13,
        "quantityKey": "dw-14416"
      },
      {
        "quantity": 13,
        "quantityKey": "dw-14408"
      },
      {
        "quantity": 13,
        "quantityKey": "dw-14414"
      },
      {
        "quantity": 13,
        "quantityKey": "dw-14460"
      },
      {
        "quantity": 13,
        "quantityKey": "dw-14468"
      },
      {
        "quantity": 13,
        "quantityKey": "dw-14442"
      },
      {
        "quantity": 13,
        "quantityKey": "dw-14466"
      },
      {
        "quantity": 13,
        "quantityKey": "dw-14444"
      },
      {
        "quantity": 13,
        "quantityKey": "dw-14458"
      },
      {
        "quantity": 13,
        "quantityKey": "dw-14400"
      },
      {
        "quantity": 13,
        "quantityKey": "dw-14474"
      },
      {
        "quantity": 13,
        "quantityKey": "dw-14436"
      },
      {
        "quantity": 13,
        "quantityKey": "dw-14450"
      },
      {
        "quantity": 13,
        "quantityKey": "dw-14452"
      },
      {
        "quantity": 13,
        "quantityKey": "dw-14390"
      },
      {
        "quantity": 13,
        "quantityKey": "dw-14406"
      },
      {
        "quantity": 13,
        "quantityKey": "dw-14392"
      },
      {
        "quantity": 13,
        "quantityKey": "dw-14422"
      },
      {
        "quantity": 13,
        "quantityKey": "dw-14398"
      },
      {
        "quantity": 13,
        "quantityKey": "dw-14426"
      }
    ],
    "emission": 0,
    "allergies": [
      {
        "id": 6,
        "infoSource": null,
        "level": {
          "enumType": "se.mat.mycroft.enums.AllergyLevel",
          "name": "CONTAINS"
        },
        "substanceName": "Sojabönor"
      },
      {
        "id": 5,
        "infoSource": null,
        "level": {
          "enumType": "se.mat.mycroft.enums.AllergyLevel",
          "name": "TRACES"
        },
        "substanceName": "Jordnötter"
      },
      {
        "id": 7,
        "infoSource": null,
        "level": {
          "enumType": "se.mat.mycroft.enums.AllergyLevel",
          "name": "CONTAINS"
        },
        "substanceName": "Mjölk"
      },
      {
        "id": 3,
        "infoSource": null,
        "level": {
          "enumType": "se.mat.mycroft.enums.AllergyLevel",
          "name": "CONTAINS"
        },
        "substanceName": "Ägg"
      },
      {
        "id": 10,
        "infoSource": null,
        "level": {
          "enumType": "se.mat.mycroft.enums.AllergyLevel",
          "name": "TRACES"
        },
        "substanceName": "Nötter"
      },
      {
        "id": 13,
        "infoSource": null,
        "level": {
          "enumType": "se.mat.mycroft.enums.AllergyLevel",
          "name": "TRACES"
        },
        "substanceName": "Sesamfrön"
      }
    ],
    "warehouseProductMappingId": null,
    "productRelationship": {
      "canBeReplacedWithProductIds": [],
      "canBeSubstitutedWithProductIds": [],
      "sameContentProductIds": []
    },
    "soldCount": 30,
    "variety": "",
    "isAgreeWithPersonalTerms": null,
    "hasDeclinedPersonalAgreement": null,
    "probability": null,
    "productCountries": [],
    "productVarieties": [],
    "productBanner": null,
    "isShowOnTopProduct": false,
    "primaryCategoryNamePath": "Mat.se Göteborg/Hälsa & Träning/Bars"
  },
  {
    "id": 134460,
    "dateCreated": "Tue Apr 05 08:52:23 CEST 2022",
    "name": "Caramel Soft Choco Protein Bar",
    "showPrice": "25,50  kr",
    "friendlyUrl": "caramel-soft-choco-protein-bar-barebells-55g",
    "formattedName": "Caramel Soft Choco Protein Bar",
    "ean": "7340001804522",
    "countryOfOrigin": "EU",
    "translatedCountryName": "EU",
    "labelTags": [],
    "hasImage": true,
    "imageUrl": "https://d1hr6nb56yyl1.cloudfront.net/product-images/134460-150.jpg",
    "brand": {
      "id": 3423,
      "name": "Barebells"
    },
    "categories": [
      {
        "id": 11474,
        "name": "Bars"
      },
      {
        "id": 4336,
        "name": "Bars"
      }
    ],
    "displayBrand": "Barebells",
    "favouriteCount": 7,
    "active": true,
    "inStockQuantity": 14,
    "orderable": true,
    "price": 25.5,
    "priceWithoutVat": 22.7678571429,
    "recommendedRetailPrice": null,
    "readableComparisonPrice": "463,64 kr/kg",
    "discount": null,
    "discountedPrice": 0,
    "size": "55G",
    "weightProduct": false,
    "vat": 12,
    "content": "Ingredienser Fyllnadsmedel (polydextros), MJÖLKPROTEIN, sötningsmedel (maltitol, xylitol, sukralos), kollagenhydrolysat, fuktighetsbevarande medel (glycerol), kakaosmör, HELMJÖLKSPULVER, kakaomassa, solrosolja, fettreducerad kakao, aromer, salt, emulgeringsmedel (SOJALECITIN, lecitin). Kan innehålla spår av GLUTEN, ÄGG, JORDNÖTTER, NÖTTER och SESAMFRÖ.",
    "nutrition": "Näringsvärde per 100 Gram\nenergi 1485 Kilojoule\nenergi 357 Kilokalori\nfett 15 Gram\nvarav mättat fett 7.7 Gram\nkolhydrat 28 Gram\nvarav sockerarter 3.7 Gram\nfiber 15 Gram\nprotein 28 Gram\nsalt 0.75 Gram",
    "durability": null,
    "recycling": null,
    "detail": "Proteinbar med mjölkchokladöverdrag (30%) med smak av choklad och kola. Innehåller sötningsmedel. Innehåller naturligt förekommande socker. Utan palmolja.\n\nÖverdriven konsumtion kan ha laxerande effekt. Sorteras som plastförpackning.\n\nFörvaras i rumstemperatur.",
    "storage": "Förvaras i rumstemperatur.",
    "combinedNameWithBrand": "Caramel Soft Choco Protein Bar Barebells",
    "averageProductLife": 0,
    "minimumDaysBeforeExpire": 31,
    "averageUnitWeight": 56,
    "weight": 56,
    "isMixable": false,
    "idRequired": 0,
    "tagNames": [
      "utan",
      "UTS",
      "Sugar",
      "Socker",
      "No",
      "tillsatt",
      "proteinbar",
      "added"
    ],
    "featured": false,
    "campaignRank": 245,
    "availableQuantities": [
      {
        "quantity": 14,
        "quantityKey": "dw-14400"
      },
      {
        "quantity": 14,
        "quantityKey": "dw-14460"
      },
      {
        "quantity": 14,
        "quantityKey": "dw-14406"
      },
      {
        "quantity": 14,
        "quantityKey": "dw-14414"
      },
      {
        "quantity": 14,
        "quantityKey": "default"
      },
      {
        "quantity": 14,
        "quantityKey": "dw-14478"
      },
      {
        "quantity": 14,
        "quantityKey": "dw-14444"
      },
      {
        "quantity": 14,
        "quantityKey": "dw-14452"
      },
      {
        "quantity": 14,
        "quantityKey": "dw-14468"
      },
      {
        "quantity": 14,
        "quantityKey": "dw-14434"
      },
      {
        "quantity": 14,
        "quantityKey": "dw-14480"
      },
      {
        "quantity": 13,
        "quantityKey": "dw-14390"
      },
      {
        "quantity": 14,
        "quantityKey": "dw-14436"
      },
      {
        "quantity": 14,
        "quantityKey": "dw-14442"
      },
      {
        "quantity": 14,
        "quantityKey": "dw-14416"
      },
      {
        "quantity": 14,
        "quantityKey": "dw-14428"
      },
      {
        "quantity": 14,
        "quantityKey": "dw-14474"
      },
      {
        "quantity": 14,
        "quantityKey": "dw-14398"
      },
      {
        "quantity": 14,
        "quantityKey": "dw-14408"
      },
      {
        "quantity": 14,
        "quantityKey": "dw-14392"
      },
      {
        "quantity": 14,
        "quantityKey": "dw-14422"
      },
      {
        "quantity": 14,
        "quantityKey": "dw-14466"
      },
      {
        "quantity": 14,
        "quantityKey": "dw-14450"
      },
      {
        "quantity": 14,
        "quantityKey": "dw-14458"
      },
      {
        "quantity": 14,
        "quantityKey": "dw-14426"
      }
    ],
    "emission": 0,
    "allergies": [
      {
        "id": 10,
        "infoSource": null,
        "level": {
          "enumType": "se.mat.mycroft.enums.AllergyLevel",
          "name": "TRACES"
        },
        "substanceName": "Nötter"
      },
      {
        "id": 13,
        "infoSource": null,
        "level": {
          "enumType": "se.mat.mycroft.enums.AllergyLevel",
          "name": "TRACES"
        },
        "substanceName": "Sesamfrön"
      },
      {
        "id": 7,
        "infoSource": null,
        "level": {
          "enumType": "se.mat.mycroft.enums.AllergyLevel",
          "name": "CONTAINS"
        },
        "substanceName": "Mjölk"
      },
      {
        "id": 1,
        "infoSource": null,
        "level": {
          "enumType": "se.mat.mycroft.enums.AllergyLevel",
          "name": "TRACES"
        },
        "substanceName": "Gluten"
      },
      {
        "id": 6,
        "infoSource": null,
        "level": {
          "enumType": "se.mat.mycroft.enums.AllergyLevel",
          "name": "CONTAINS"
        },
        "substanceName": "Sojabönor"
      },
      {
        "id": 3,
        "infoSource": null,
        "level": {
          "enumType": "se.mat.mycroft.enums.AllergyLevel",
          "name": "TRACES"
        },
        "substanceName": "Ägg"
      },
      {
        "id": 5,
        "infoSource": null,
        "level": {
          "enumType": "se.mat.mycroft.enums.AllergyLevel",
          "name": "TRACES"
        },
        "substanceName": "Jordnötter"
      }
    ],
    "warehouseProductMappingId": null,
    "productRelationship": {
      "canBeReplacedWithProductIds": [],
      "canBeSubstitutedWithProductIds": [],
      "sameContentProductIds": []
    },
    "soldCount": 75,
    "variety": "",
    "isAgreeWithPersonalTerms": null,
    "hasDeclinedPersonalAgreement": null,
    "probability": null,
    "productCountries": [],
    "productVarieties": [],
    "productBanner": null,
    "isShowOnTopProduct": false,
    "primaryCategoryNamePath": "Mat.se Göteborg/Hälsa & Träning/Bars"
  },
  {
    "id": 134458,
    "dateCreated": "Tue Apr 05 14:02:21 CEST 2022",
    "name": "Whey-80 Vanilla Pear",
    "showPrice": "140  kr",
    "friendlyUrl": "whey-80-vanilla-pear-star-nutrition-500g",
    "formattedName": "Whey-80 Vanilla Pear",
    "ean": "7350049159607",
    "countryOfOrigin": "SE",
    "translatedCountryName": "Sverige",
    "labelTags": [],
    "hasImage": true,
    "imageUrl": "https://d1hr6nb56yyl1.cloudfront.net/product-images/134458-150.jpg",
    "brand": {
      "id": 7641,
      "name": "Star Nutrition"
    },
    "categories": [
      {
        "id": 9230,
        "name": "Proteintillskott"
      },
      {
        "id": 11476,
        "name": "Proteinpulver"
      }
    ],
    "displayBrand": "Star Nutrition",
    "favouriteCount": 7,
    "active": true,
    "inStockQuantity": 8,
    "orderable": true,
    "price": 140,
    "priceWithoutVat": 125,
    "recommendedRetailPrice": null,
    "readableComparisonPrice": "280 kr/kg",
    "discount": null,
    "discountedPrice": 0,
    "size": "500g",
    "weightProduct": false,
    "vat": 12,
    "content": "VASSLEPROTEINKONCENTRAT (MJÖLK) (innehåller emulgeringsmedel (SOJALECITIN)), arom, sötningsmedel (aspartam)*. * Innehåller en källa till fenylalanin",
    "nutrition": "Näringsvärde per 100 gram\nEnergi 1640/392 kilojoule/kilokalori\nFett 8 gram\nvarav mättat fett 6 gram\nKolhydrat 4 gram\nvarav sockerarter 3 gram\nFiber 0.2 gram\nProtein 76 gram\nSalt 0.5 gram",
    "durability": null,
    "recycling": null,
    "detail": "Star Nutritions Whey-80® - komplett proteintillskott för dig som idrottar och vill ha bästa möjliga resultat av din träning! Sveriges populäraste protein!\n\n \n\nWhey-80® från Star Nutrition är ett högvärdigt proteintillskott med god smak och löslighet. Produkten består av 100% ultrafiltrerat och instantiserat vassleproteinkoncentrat och är det ultimata tillskottet för dig som idrottar.  Whey-80® påskyndar muskeluppbyggnad och återhämtning och ger snabbt märkbara resultat!\n\n0,75-1 dl pulver blandas med 2,3 dl vatten eller mjölk i en shaker. För maximalt resultat ta tre portioner av Whey-80® dagligen.",
    "storage": "Rumstemperatur",
    "combinedNameWithBrand": "Whey-80 Vanilla Pear Star Nutrition",
    "averageProductLife": 0,
    "minimumDaysBeforeExpire": 31,
    "averageUnitWeight": 0,
    "weight": 530,
    "isMixable": false,
    "idRequired": 0,
    "tagNames": [],
    "featured": false,
    "campaignRank": 2147483647,
    "availableQuantities": [
      {
        "quantity": 8,
        "quantityKey": "dw-14460"
      },
      {
        "quantity": 8,
        "quantityKey": "dw-14390"
      },
      {
        "quantity": 8,
        "quantityKey": "dw-14444"
      },
      {
        "quantity": 8,
        "quantityKey": "dw-14414"
      },
      {
        "quantity": 8,
        "quantityKey": "dw-14426"
      },
      {
        "quantity": 8,
        "quantityKey": "dw-14428"
      },
      {
        "quantity": 8,
        "quantityKey": "dw-14434"
      },
      {
        "quantity": 8,
        "quantityKey": "dw-14452"
      },
      {
        "quantity": 8,
        "quantityKey": "default"
      },
      {
        "quantity": 8,
        "quantityKey": "dw-14468"
      },
      {
        "quantity": 8,
        "quantityKey": "dw-14408"
      },
      {
        "quantity": 8,
        "quantityKey": "dw-14392"
      },
      {
        "quantity": 8,
        "quantityKey": "dw-14474"
      },
      {
        "quantity": 8,
        "quantityKey": "dw-14398"
      },
      {
        "quantity": 8,
        "quantityKey": "dw-14400"
      },
      {
        "quantity": 8,
        "quantityKey": "dw-14436"
      },
      {
        "quantity": 8,
        "quantityKey": "dw-14450"
      },
      {
        "quantity": 8,
        "quantityKey": "dw-14442"
      },
      {
        "quantity": 8,
        "quantityKey": "dw-14458"
      },
      {
        "quantity": 8,
        "quantityKey": "dw-14466"
      },
      {
        "quantity": 8,
        "quantityKey": "dw-14422"
      },
      {
        "quantity": 8,
        "quantityKey": "dw-14406"
      },
      {
        "quantity": 8,
        "quantityKey": "dw-14416"
      }
    ],
    "emission": 0,
    "allergies": [
      {
        "id": 6,
        "infoSource": null,
        "level": {
          "enumType": "se.mat.mycroft.enums.AllergyLevel",
          "name": "CONTAINS"
        },
        "substanceName": "Sojabönor"
      },
      {
        "id": 7,
        "infoSource": null,
        "level": {
          "enumType": "se.mat.mycroft.enums.AllergyLevel",
          "name": "CONTAINS"
        },
        "substanceName": "Mjölk"
      }
    ],
    "warehouseProductMappingId": null,
    "productRelationship": {
      "canBeReplacedWithProductIds": [],
      "canBeSubstitutedWithProductIds": [],
      "sameContentProductIds": []
    },
    "soldCount": 24,
    "variety": "",
    "isAgreeWithPersonalTerms": null,
    "hasDeclinedPersonalAgreement": null,
    "probability": null,
    "productCountries": [],
    "productVarieties": [],
    "productBanner": null,
    "isShowOnTopProduct": false,
    "primaryCategoryNamePath": "Mat.se Göteborg/Apoteksvaror/Vitaminer, Hälso- & Kosttillskott/Proteintillskott"
  },
  {
    "id": 134454,
    "dateCreated": "Tue Apr 05 14:01:00 CEST 2022",
    "name": "Nut bar almond crunch",
    "showPrice": "16,50  kr",
    "friendlyUrl": "nut-bar-almond-crunch-nicks-40g",
    "formattedName": "Nut Bar Almond Crunch",
    "ean": "7350104401115",
    "countryOfOrigin": null,
    "translatedCountryName": "",
    "labelTags": [],
    "hasImage": true,
    "imageUrl": "https://d1hr6nb56yyl1.cloudfront.net/product-images/134454-150.jpg",
    "brand": {
      "id": 3396,
      "name": "Nick's"
    },
    "categories": [
      {
        "id": 11474,
        "name": "Bars"
      },
      {
        "id": 4336,
        "name": "Bars"
      }
    ],
    "displayBrand": "Nick's",
    "favouriteCount": 13,
    "active": true,
    "inStockQuantity": 18,
    "orderable": true,
    "price": 16.5,
    "priceWithoutVat": 14.7321428571,
    "recommendedRetailPrice": null,
    "readableComparisonPrice": "412,50 kr/kg",
    "discount": null,
    "discountedPrice": 0,
    "size": "40g",
    "weightProduct": false,
    "vat": 12,
    "content": "MANDLAR (41%), polydextros (fiber), kakaosmör, cikoriarotfiber, sötningsmedel (erytritol), kakaomassa, sötningsmedel (xylitol), fuktighetsbevarande medel (veg. glycerol), löslig majsfiber, SOJAKRISP (SOJAPROTEINISOLAT, tapiokastärkelse, salt, stabiliseringsmedel: kalciumkarbonat), salt, emulgeringsmedel (solroslecitin), naturlig arom, sötningsmedel (steviolglykosider). Kan innehålla spår av: JORDNÖTTER/PEANØTTER, SESAM och ANDRA NÖTTER.",
    "nutrition": "Näringsvärde per 100 gram\nEnergi 1808/432 kilojoule/kilokalori\nFett 33.1 gram\nvarav mättat fett 8.6 gram\nKolhydrat 21.5 gram\nvarav sockerarter 3.1 gram\nvarav polyoler 14.4 gram\nFiber 25.4 gram\nProtein 11.9 gram\nSalt 0.39 gram",
    "durability": null,
    "recycling": null,
    "detail": "En crunchy mandelbar med ett chokladlager och crisp i samma tugga. Totally vegan. Passande för lågkolhydratskost, keto, diabetes, glutenintolerans men främst för alla som vill njuta och må bra på samma gång. No added sugar. Just joy.\n\nUtan tillsatt socker",
    "storage": "Förvaras <30°C",
    "combinedNameWithBrand": "Nut Bar Almond Crunch Nick's",
    "averageProductLife": 0,
    "minimumDaysBeforeExpire": 31,
    "averageUnitWeight": 0,
    "weight": 41,
    "isMixable": false,
    "idRequired": 0,
    "tagNames": [
      "müslibar",
      "Snackbar",
      "Choklad",
      "Utan tillsatt socker",
      "sockerfri choklad",
      "godis för diabetiker",
      "nicks",
      "snacks",
      "Utan palmolja",
      "mellanmål",
      "kind",
      "nut bars",
      "diabetiker",
      "sockerfria",
      "eat natural",
      "chokladbars",
      "mjölkchoklad",
      "nötbars",
      "nutbar",
      "hälsokost",
      "mellanmålsbar",
      "vegan",
      "keto",
      "chokladbit",
      "veganskt",
      "mandelbar",
      "nyttiga snacks",
      "Kalorisnål",
      "Glutenfri",
      "low carb",
      "bekind",
      "choklad utan socker",
      "kind bar",
      "Glutenfria",
      "corney",
      "sockerfritt",
      "Glutenfritt",
      "mörk choklad",
      "jördnötter",
      "choklad godis",
      "sockerfri",
      "jordnötsbar",
      "diet",
      "bars",
      "chokladstycksak",
      "LCHF",
      "nyttig choklad",
      "vegansk",
      "chokladgodis",
      "godis",
      "Nötter"
    ],
    "featured": false,
    "campaignRank": 2147483647,
    "availableQuantities": [
      {
        "quantity": 18,
        "quantityKey": "dw-14426"
      },
      {
        "quantity": 18,
        "quantityKey": "dw-14398"
      },
      {
        "quantity": 18,
        "quantityKey": "dw-14452"
      },
      {
        "quantity": 18,
        "quantityKey": "dw-14422"
      },
      {
        "quantity": 18,
        "quantityKey": "dw-14460"
      },
      {
        "quantity": 18,
        "quantityKey": "default"
      },
      {
        "quantity": 18,
        "quantityKey": "dw-14458"
      },
      {
        "quantity": 18,
        "quantityKey": "dw-14414"
      },
      {
        "quantity": 18,
        "quantityKey": "dw-14436"
      },
      {
        "quantity": 18,
        "quantityKey": "dw-14428"
      },
      {
        "quantity": 18,
        "quantityKey": "dw-14406"
      },
      {
        "quantity": 18,
        "quantityKey": "dw-14400"
      },
      {
        "quantity": 18,
        "quantityKey": "dw-14408"
      },
      {
        "quantity": 18,
        "quantityKey": "dw-14434"
      },
      {
        "quantity": 18,
        "quantityKey": "dw-14392"
      },
      {
        "quantity": 18,
        "quantityKey": "dw-14466"
      },
      {
        "quantity": 18,
        "quantityKey": "dw-14416"
      },
      {
        "quantity": 18,
        "quantityKey": "dw-14474"
      },
      {
        "quantity": 18,
        "quantityKey": "dw-14442"
      },
      {
        "quantity": 7,
        "quantityKey": "dw-14390"
      },
      {
        "quantity": 18,
        "quantityKey": "dw-14468"
      },
      {
        "quantity": 18,
        "quantityKey": "dw-14444"
      },
      {
        "quantity": 18,
        "quantityKey": "dw-14450"
      }
    ],
    "emission": 0,
    "allergies": [
      {
        "id": 6,
        "infoSource": null,
        "level": {
          "enumType": "se.mat.mycroft.enums.AllergyLevel",
          "name": "CONTAINS"
        },
        "substanceName": "Sojabönor"
      },
      {
        "id": 10,
        "infoSource": null,
        "level": {
          "enumType": "se.mat.mycroft.enums.AllergyLevel",
          "name": "CONTAINS"
        },
        "substanceName": "Nötter"
      },
      {
        "id": 5,
        "infoSource": null,
        "level": {
          "enumType": "se.mat.mycroft.enums.AllergyLevel",
          "name": "TRACES"
        },
        "substanceName": "Jordnötter"
      },
      {
        "id": 13,
        "infoSource": null,
        "level": {
          "enumType": "se.mat.mycroft.enums.AllergyLevel",
          "name": "TRACES"
        },
        "substanceName": "Sesamfrön"
      }
    ],
    "warehouseProductMappingId": null,
    "productRelationship": {
      "canBeReplacedWithProductIds": [],
      "canBeSubstitutedWithProductIds": [],
      "sameContentProductIds": []
    },
    "soldCount": 47,
    "variety": "",
    "isAgreeWithPersonalTerms": null,
    "hasDeclinedPersonalAgreement": null,
    "probability": null,
    "productCountries": [],
    "productVarieties": [],
    "productBanner": null,
    "isShowOnTopProduct": false,
    "primaryCategoryNamePath": "Mat.se Göteborg/Hälsa & Träning/Bars"
  },
  {
    "id": 134248,
    "dateCreated": "Tue Apr 05 09:20:58 CEST 2022",
    "name": "Peanut Dark Choco",
    "showPrice": "19,95  kr",
    "friendlyUrl": "peanut-dark-choco-be-kind-40g",
    "formattedName": "Peanut Dark Choco",
    "ean": "5000159528368",
    "countryOfOrigin": "GB",
    "translatedCountryName": "Storbritannien",
    "labelTags": [
      {
        "id": 14,
        "name": "Särnär fri från gluten",
        "tag": "fri_gluten"
      }
    ],
    "hasImage": true,
    "imageUrl": "https://d1hr6nb56yyl1.cloudfront.net/product-images/134248-150.jpg",
    "brand": {
      "id": 5308,
      "name": "BE-KIND"
    },
    "categories": [
      {
        "id": 11474,
        "name": "Bars"
      }
    ],
    "displayBrand": "BE-KIND",
    "favouriteCount": 3,
    "active": true,
    "inStockQuantity": 12,
    "orderable": true,
    "price": 19.95,
    "priceWithoutVat": 17.8125,
    "recommendedRetailPrice": null,
    "readableComparisonPrice": "498,75 kr/kg",
    "discount": null,
    "discountedPrice": 0,
    "size": "40g",
    "weightProduct": false,
    "vat": 12,
    "content": "JORDNÖTTER, mörk chokladöverdrag (socker, palmkärnolja, kakaopulver, emulgeringsmedel (SOJALECITIN), naturligt aromämne, salt), glukossirap, MANDLAR, honung, SOJAPRETEINisolat, JORDNÖTSSMÖR (JORDNÖTTER, salt), kakaomassa, tapiokastärkelse, cikoriarotfiber, emulgeringsmedel (SOJALECITIN), socker, kakaosmör, havssalt, naturligt aromämne. (Kan innehålla: MJÖLK, SESAMFRÖN och andra NÖTTER).",
    "nutrition": "Näringsvärde per 100 gram\nEnergi 2175/520 kilojoule/kilokalori\nFett 31 gram\nvarav mättat fett 7.5 gram\nKolhydrat 35 gram\nvarav sockerarter 23 gram\nFiber 6 gram\nProtein 20 gram\nSalt 0.22 gram",
    "durability": null,
    "recycling": null,
    "detail": null,
    "storage": "Förvaras svalt och torrt",
    "combinedNameWithBrand": "Peanut Dark Choco Be-kind",
    "averageProductLife": 0,
    "minimumDaysBeforeExpire": 31,
    "averageUnitWeight": 0,
    "weight": 41,
    "isMixable": false,
    "idRequired": 0,
    "tagNames": [],
    "featured": false,
    "campaignRank": 2147483647,
    "availableQuantities": [
      {
        "quantity": 12,
        "quantityKey": "dw-14406"
      },
      {
        "quantity": 12,
        "quantityKey": "dw-14452"
      },
      {
        "quantity": 12,
        "quantityKey": "dw-14408"
      },
      {
        "quantity": 12,
        "quantityKey": "dw-14392"
      },
      {
        "quantity": 12,
        "quantityKey": "dw-14450"
      },
      {
        "quantity": 12,
        "quantityKey": "dw-14458"
      },
      {
        "quantity": 12,
        "quantityKey": "dw-14460"
      },
      {
        "quantity": 12,
        "quantityKey": "default"
      },
      {
        "quantity": 12,
        "quantityKey": "dw-14444"
      },
      {
        "quantity": 12,
        "quantityKey": "dw-14390"
      },
      {
        "quantity": 12,
        "quantityKey": "dw-14426"
      },
      {
        "quantity": 12,
        "quantityKey": "dw-14400"
      },
      {
        "quantity": 12,
        "quantityKey": "dw-14466"
      },
      {
        "quantity": 12,
        "quantityKey": "dw-14474"
      },
      {
        "quantity": 12,
        "quantityKey": "dw-14422"
      },
      {
        "quantity": 12,
        "quantityKey": "dw-14414"
      },
      {
        "quantity": 12,
        "quantityKey": "dw-14416"
      },
      {
        "quantity": 12,
        "quantityKey": "dw-14442"
      },
      {
        "quantity": 12,
        "quantityKey": "dw-14428"
      },
      {
        "quantity": 12,
        "quantityKey": "dw-14398"
      },
      {
        "quantity": 12,
        "quantityKey": "dw-14468"
      },
      {
        "quantity": 12,
        "quantityKey": "dw-14434"
      },
      {
        "quantity": 12,
        "quantityKey": "dw-14436"
      }
    ],
    "emission": 0,
    "allergies": [
      {
        "id": 5,
        "infoSource": null,
        "level": {
          "enumType": "se.mat.mycroft.enums.AllergyLevel",
          "name": "CONTAINS"
        },
        "substanceName": "Jordnötter"
      },
      {
        "id": 10,
        "infoSource": null,
        "level": {
          "enumType": "se.mat.mycroft.enums.AllergyLevel",
          "name": "CONTAINS"
        },
        "substanceName": "Nötter"
      },
      {
        "id": 6,
        "infoSource": null,
        "level": {
          "enumType": "se.mat.mycroft.enums.AllergyLevel",
          "name": "CONTAINS"
        },
        "substanceName": "Sojabönor"
      },
      {
        "id": 18,
        "infoSource": null,
        "level": {
          "enumType": "se.mat.mycroft.enums.AllergyLevel",
          "name": "CONTAINS"
        },
        "substanceName": "Mandel"
      },
      {
        "id": 13,
        "infoSource": null,
        "level": {
          "enumType": "se.mat.mycroft.enums.AllergyLevel",
          "name": "TRACES"
        },
        "substanceName": "Sesamfrön"
      },
      {
        "id": 7,
        "infoSource": null,
        "level": {
          "enumType": "se.mat.mycroft.enums.AllergyLevel",
          "name": "TRACES"
        },
        "substanceName": "Mjölk"
      }
    ],
    "warehouseProductMappingId": null,
    "productRelationship": {
      "canBeReplacedWithProductIds": [],
      "canBeSubstitutedWithProductIds": [],
      "sameContentProductIds": []
    },
    "soldCount": 16,
    "variety": "",
    "isAgreeWithPersonalTerms": null,
    "hasDeclinedPersonalAgreement": null,
    "probability": null,
    "productCountries": [],
    "productVarieties": [],
    "productBanner": null,
    "isShowOnTopProduct": false,
    "primaryCategoryNamePath": "Mat.se Göteborg/Hälsa & Träning/Bars"
  },
  {
    "id": 132640,
    "dateCreated": "Mon Feb 14 08:48:07 CET 2022",
    "name": "Crunchy caramel",
    "showPrice": "11,95  kr",
    "friendlyUrl": "crunchy-caramel-nicks-28g",
    "formattedName": "Crunchy Caramel",
    "ean": "7350104401108",
    "countryOfOrigin": "MK",
    "translatedCountryName": "Makedonien",
    "labelTags": [],
    "hasImage": true,
    "imageUrl": "https://d1hr6nb56yyl1.cloudfront.net/product-images/132640-150.jpg",
    "brand": {
      "id": 4667,
      "name": "nicks"
    },
    "categories": [
      {
        "id": 11474,
        "name": "Bars"
      },
      {
        "id": 4336,
        "name": "Bars"
      }
    ],
    "displayBrand": "nicks",
    "favouriteCount": 20,
    "active": true,
    "inStockQuantity": 27,
    "orderable": true,
    "price": 11.95,
    "priceWithoutVat": 10.6696428571,
    "recommendedRetailPrice": null,
    "readableComparisonPrice": "426,79 kr/kg",
    "discount": null,
    "discountedPrice": 0,
    "size": "28g",
    "weightProduct": false,
    "vat": 12,
    "content": "Sötningsmedel: erytritol, polydextros (fiber), sötningsmedel: isomalt, MJÖLKPULVER, kakaosmör, SMÖR (MJÖLK/MÆLK), vegetabilisk olja (kokos, shea), kakaomassa, cikoriarotfiber, MANDEL, löslig majsfiber, emulgeringsmedel: solros/solsikkelecitin, naturlig arom, salt, sötningsmedel: steviolglykosider. Kan innehålla spår av SOJA, SESAM, JORDNÖTTER/PEANØTTER/JORDNØDDER, NÖTTER/NØTTER/NØDDER och ÄGG/EGG/ÆG.",
    "nutrition": "Näringsvärde per 100 gram\nEnergi 1321/316 kilojoule/kilokalori\nFett 24.6 gram\nvarav mättat fett 14.4 gram\nKolhydrat 43.6 gram\nvarav sockerarter 5.6 gram\nvarav polyoler 37.3 gram\nFiber 21.6 gram\nProtein 4.2 gram\nSalt 0.54 gram",
    "durability": null,
    "recycling": null,
    "detail": "Knäckig mandelkrokant doppad i mjölkchoklad. Passande för lågkolhydratskost, keto, diabetes, glutenintolerans men främst för alla som vill njuta och må bra på samma gång. No added sugar, no palm oil, no gluten, just joy.\n\nUtan tillsatt socker",
    "storage": "Förvaras torrt & svalt: <30°C",
    "combinedNameWithBrand": "Crunchy Caramel Nicks",
    "averageProductLife": 0,
    "minimumDaysBeforeExpire": 31,
    "averageUnitWeight": 0,
    "weight": 30,
    "isMixable": false,
    "idRequired": 0,
    "tagNames": [],
    "featured": false,
    "campaignRank": 252,
    "availableQuantities": [
      {
        "quantity": 27,
        "quantityKey": "dw-14452"
      },
      {
        "quantity": 27,
        "quantityKey": "default"
      },
      {
        "quantity": 27,
        "quantityKey": "dw-14422"
      },
      {
        "quantity": 27,
        "quantityKey": "dw-14458"
      },
      {
        "quantity": 27,
        "quantityKey": "dw-14474"
      },
      {
        "quantity": 27,
        "quantityKey": "dw-14444"
      },
      {
        "quantity": 27,
        "quantityKey": "dw-14392"
      },
      {
        "quantity": 27,
        "quantityKey": "dw-14406"
      },
      {
        "quantity": 27,
        "quantityKey": "dw-14460"
      },
      {
        "quantity": 27,
        "quantityKey": "dw-14468"
      },
      {
        "quantity": 27,
        "quantityKey": "dw-14414"
      },
      {
        "quantity": 27,
        "quantityKey": "dw-14416"
      },
      {
        "quantity": 27,
        "quantityKey": "dw-14450"
      },
      {
        "quantity": 27,
        "quantityKey": "dw-14390"
      },
      {
        "quantity": 27,
        "quantityKey": "dw-14434"
      },
      {
        "quantity": 27,
        "quantityKey": "dw-14436"
      },
      {
        "quantity": 27,
        "quantityKey": "dw-14398"
      },
      {
        "quantity": 27,
        "quantityKey": "dw-14408"
      },
      {
        "quantity": 27,
        "quantityKey": "dw-14442"
      },
      {
        "quantity": 27,
        "quantityKey": "dw-14400"
      },
      {
        "quantity": 27,
        "quantityKey": "dw-14428"
      },
      {
        "quantity": 27,
        "quantityKey": "dw-14466"
      },
      {
        "quantity": 27,
        "quantityKey": "dw-14426"
      }
    ],
    "emission": 0,
    "allergies": [
      {
        "id": 7,
        "infoSource": null,
        "level": {
          "enumType": "se.mat.mycroft.enums.AllergyLevel",
          "name": "CONTAINS"
        },
        "substanceName": "Mjölk"
      },
      {
        "id": 6,
        "infoSource": null,
        "level": {
          "enumType": "se.mat.mycroft.enums.AllergyLevel",
          "name": "TRACES"
        },
        "substanceName": "Sojabönor"
      },
      {
        "id": 10,
        "infoSource": null,
        "level": {
          "enumType": "se.mat.mycroft.enums.AllergyLevel",
          "name": "CONTAINS"
        },
        "substanceName": "Nötter"
      },
      {
        "id": 3,
        "infoSource": null,
        "level": {
          "enumType": "se.mat.mycroft.enums.AllergyLevel",
          "name": "TRACES"
        },
        "substanceName": "Ägg"
      },
      {
        "id": 5,
        "infoSource": null,
        "level": {
          "enumType": "se.mat.mycroft.enums.AllergyLevel",
          "name": "TRACES"
        },
        "substanceName": "Jordnötter"
      },
      {
        "id": 13,
        "infoSource": null,
        "level": {
          "enumType": "se.mat.mycroft.enums.AllergyLevel",
          "name": "TRACES"
        },
        "substanceName": "Sesamfrön"
      }
    ],
    "warehouseProductMappingId": null,
    "productRelationship": {
      "canBeReplacedWithProductIds": [],
      "canBeSubstitutedWithProductIds": [],
      "sameContentProductIds": []
    },
    "soldCount": 75,
    "variety": "",
    "isAgreeWithPersonalTerms": null,
    "hasDeclinedPersonalAgreement": null,
    "probability": null,
    "productCountries": [],
    "productVarieties": [],
    "productBanner": null,
    "isShowOnTopProduct": false,
    "primaryCategoryNamePath": "Mat.se Göteborg/Hälsa & Träning/Bars"
  }
]
